3022 4724
300 379 350 478 38

296 511 380 594 cius
408 528 449 592 et
477 508 635 609 rudius,
665 506 917 597 Reoaudotio
946 517 1081 623 purius
1108 519 1240 602 visum

295 671 375 734 est.
410 645 466 730 At
493 669 636 732 contra
674 652 738 734 vir
766 649 1013 737 doctissimus
1052 651 1241 770 Augusti-

296 814 371 870 nus
413 782 509 870 Ant.
549 783 748 903 Georgius
786 791 828 872 in
856 789 1006 878 scheda
1046 795 1147 878 olim
1187 797 1240 880 ad

298 955 364 1026 me
393 927 491 1011 data
527 929 679 1036 optime
717 929 1003 1016 animadvertit
1039 929 1241 1018 Christia-

297 1093 448 1152 norum
476 1065 597 1148 libros
626 1095 652 1149 a
680 1065 950 1168 doctioribus,
988 1091 1109 1179 atque
1138 1070 1241 1155 adeo

259 1232 261 1238 ·
297 1209 351 1291 ab
379 1205 686 1306 Alexandrinis,
715 1238 761 1291 ac
791 1203 1049 1319 Memphitis,
1077 1209 1242 1296 horum-

297 1377 378 1460 que
400 1350 588 1459 proximis
607 1347 861 1432 verisimilius
875 1369 1038 1458 coeptos
1053 1375 1133 1433 esse
1147 1377 1243 1434 con-

297 1488 429 1585 verti,
458 1511 505 1570 ut
535 1486 760 1570 rudioribus
789 1477 1087 1571 consuleretur.
1124 1487 1243 1572 Addo

298 1651 376 1742 ego
406 1624 461 1708 ibi
490 1625 736 1734 primum-io
760 1625 871 1739 pagis
892 1646 1013 1750 atque
1035 1627 1138 1708 inter
1159 1625 1243 1736 ple-

298 1763 392 1846 bem
421 1763 645 1848 necessario.
670 1787 869 1848 novatum
903 1789 1130 1849 sermonem
1157 1762 1244 1848 Ae-

299 1908 558 2020 gyptiacum,
594 1905 667 1990 ubi
698 1901 879 1990 Graecus
916 1907 958 1988 in
988 1905 1246 1991 consuetudi-

300 2075 397 2132 nem
430 2046 647 2132 cultiorum
690 2045 906 2132 hominum
926 2023 1124 2132 invectus
1152 2070 1244 2133 est.

300 2181 444 2296 Neque
481 2186 583 2271 illud
622 2189 752 2296 ipsum
801 2187 998 2285 dixerim,
1035 2185 1144 2295 quod
1179 2181 1244 2268 Ja-

301 2323 506 2409 blonskius
548 2347 589 2408 et
628 2320 905 2408 Renaudotius
946 2321 1136 2407 videntur
1171 2347 1245 2413 vo·

302 2465 446 2566 luisse,
475 2467 669 2548 nimirum
699 2461 904 2549 Saidicum
932 2491 960 2546 a
985 2462 1112 2572 prisco
1142 2458 1248 2545 Pha-

301 2630 475 2687 raooum
514 2606 710 2687 recessisse
747 2604 904 2686 minus.
949 2598 997 2684 In
1025 2603 1070 2685 iis
1104 2600 1246 2694 enim,

302 2772 401 2853 quas
439 2743 540 2828 mihi
570 2743 684 2827 licuit
723 2739 926 2841 conferre,
968 2765 1171 2823 sacrorum
1199 2734 1248 2818 li-

304 2881 470 2964 brorum
499 2883 701 2991 particulis
724 2883 929 2991 utriusque
952 2881 1136 2979 dialecti,
1153 2903 1248 2961 cum

290 3019 540 3106 'alterutram
568 3023 711 3130 passim
751 3021 923 3106 viderim
960 3047 1133 3108 servasse
1161 3016 1248 3100 Ae·-

303 3166 489 3275 gyptiam
518 3163 758 3261 dictionem,
796 3162 865 3246 ubi
895 3161 1023 3247 altera
1050 3156 1250 3256 Graecam

305 3300 495 3402 adhibet,
525 3302 763 3416 plerumque
792 3328 929 3388 tamen
956 3301 1249 3418 Aegyptiacam

308 3445 350 3526 in
381 3439 675 3554 Memphitica,
713 3439 916 3530 Graecam
944 3445 1071 3555 reperi
1100 3446 1142 3528 in
1171 3437 1250 3525 Te-

222 3557 261 3614 ·’
307 3586 497 3670 banensi.
525 3584 658 3696 Atque
687 3583 790 3670 haec
818 3584 961 3669 eadem
977 3580 1141 3667 Graecis
1163 3607 1250 3668 ver·

306 3724 365 3808 bis
394 3720 573 3807 refertior
610 3721 735 3809 habet
767 3720 925 3809 Graeca
953 3725 1075 3838 longe
1114 3747 1252 3807 corru-

306 3866 456 3974 ptiora.
484 3862 625 3977 ltaque
654 3866 767 3952 omni
793 3865 915 3952 laude
937 3860 1250 3974 Memphiticam
