3022 4724
321 349 380 446 28
448 402 450 408 π

319 507 427 604 Fide
460 545 554 605 cum
588 538 698 605 esset
717 513 993 629 constitutum
1015 515 1260 610 alterutram

319 663 495 793 vulgare
513 662 842 759 Grammaticam
854 665 1078 796 Bonjourii
1095 697 1164 760 aut
1175 667 1262 760 T'u·
1281 665 1283 670 ’

317 821 404 932 kii,
439 849 485 914 ut
518 820 628 913 hanc
661 821 836 946 haberet
869 826 1055 950 priorem
1088 859 1262 952 persua-

319 981 403 1069 sit.
451 978 718 1106 Quamquam
751 969 871 1068 'enim
913 977 989 1070 illa
1032 978 1260 1108 Bonjourii

317 1136 457 1226 minus
477 1133 587 1226 mala
607 1167 697 1226 non
713 1166 800 1225 esse
815 1137 991 1261 nequit,
1006 1127 1260 1263 quamquam
1309 1170 1315 1188 ¹

319 1295 481 1420 optima
527 1288 700 1384 fortasse
744 1315 833 1402 est,
876 1290 926 1380 el
958 1313 1099 1380 tamen
1141 1286 1258 1379 orbis

318 1449 509 1544 eruditus
542 1481 682 1542 carere
715 1443 880 1538 facilius
912 1469 1099 1572 poterat,
1129 1477 1256 1572 quam

315 1600 463 1712 libro,
508 1603 584 1727 qui
617 1594 858 1712 facultatem
892 1601 1054 1690 cunctis
1087 1597 1090 1606 ’
1097 1601 1257 1724 primus

316 1756 421 1854 fecit
453 1754 774 1887 cognoscendae
804 1750 974 1845 dialecti
996 1748 1259 1844 Thebanen-

314 1916 395 2006 sis.
428 1913 579 2042 Atque
612 1914 775 2003 utinam
807 1911 853 2000 in
878 1943 931 2000 eo
951 1906 1097 2000 saltem
1116 1932 1259 1998 textus

316 2071 578 2202 Aegyptiaci
612 2104 700 2161 non
732 2095 799 2161 tot
829 2065 993 2160 mendis
1026 2093 1164 2158 essent
1195 2067 1258 2154 in-

151 2249 155 2259 '
278 2318 280 2324 ,
316 2227 505 2352 quinati,
523 2250 595 2337 ut,
613 2226 691 2314 nisi
712 2221 832 2349 quod
853 2223 1019 2348 saepius
1039 2247 1257 2336 occurrat,

300 2377 427 2470 ¹nihil
459 2381 557 2470 satis
589 2403 749 2470 certum
783 2377 944 2470 discere
972 2376 1079 2478 inde
1095 2382 1254 2504 possis.

393 2529 607 2627 'Omnino
639 2536 753 2626 enim
785 2531 920 2662 editio
956 2544 1047 2622 'nori
1080 2530 1256 2627 videtur

316 2716 459 2783 curata
492 2687 547 2781 ab
579 2687 752 2780 homine
797 2683 981 2812 Coptice
1022 2718 1069 2775 ac
1102 2679 1255 2775 Latine

317 2841 390 2935 vel
423 2840 690 2933 mediocriter
721 2841 871 2934 docto.
906 2838 1075 2932 Indicio
1107 2843 1161 2933 sit
1188 2840 1255 2932 lo·
1368 2897 1371 2904 »

315 3028 389 3087 cus
421 2997 611 3088 omnium
644 3000 820 3088 maxime
853 2994 1254 3089 animadvertendus

313 3143 539 3275 propterea
584 3151 704 3277 quod
747 3159 844 3277 post
877 3151 1011 3245 verba
1045 3151 1106 3245 Et
1137 3151 1253 3246 dixit

242 3343 244 3348 ’
312 3303 526 3399 Ieremias
570 3305 832 3419 Paschoro,
875 3309 916 3397 ei
947 3341 1135 3434 nempe,
1178 3311 1252 3434 qui

275 3455 508 3588 ‘'Vulgato
541 3488 604 3554 est
638 3461 853 3576 Phassur,
887 3461 1079 3587 pluscula
1099 3458 1252 3575 refert,

313 3647 419 3741 quae
451 3619 498 3706 in
530 3613 712 3713 Jeremia
746 3611 897 3708 frustra
930 3649 1125 3741 quaeras,
1156 3647 1250 3707 cum

314 3767 425 3884 alia,
467 3796 558 3862 tum
599 3805 708 3898 quae
751 3769 870 3898 apud
918 3767 1079 3862 Matth.
1121 3769 1253 3884 xxvtl
