3022 4724
201 605 203 608 ,
238 553 352 611 mum
384 514 545 610 cxxml
572 513 757 642 Coptice'
789 514 1001 640 integrum
1034 511 1183 632 affert,

237 670 284 762 in
317 706 405 797 quo
437 703 492 761 ne
507 673 510 680 ’
525 667 706 760 verbum
739 665 916 793 quidem
939 702 1070 759 unum
1091 702 1184 796 cer-

237 832 351 918 nitur
391 824 606 918 Graecum
650 843 724 913 aut
767 821 1039 935 Arabicum,
1088 846 1179 912 tum

237 980 308 1079 J0:
340 978 579 1074 Bernardus
612 971 842 1068 De-Rossi
892 1007 989 1101 pag.
1022 997 1180 1094 41-49

236 1136 378 1231 Delia
398 1135 571 1262 Lingua
597 1136 781 1258 propria
813 1130 860 1225 di
898 1133 1066 1240 Cristo‚
1100 1131 1176 1224 ubi
1262 1211 1265 1218 Α

237 1314 429 1381 accurate
464 1287 577 1378 idem
610 1285 772 1378 indicat
784 1261 801 1393 ‚⁵
830 1290 907 1414 qui
941 1313 1039 1380 ante
1061 1321 1104 1380 se
1126 1290 1180 1382 de

237 1443 385 1569 linguai
418 1438 604 1566 Coptici
647 1437 953 1554 disseruerint,
987 1439 1182 1568 adeoque

237 1588 379 1688 fontes
422 1593 688 1720 plerosque,
731 1594 845 1687 unde
888 1593 1051 1685 hauriri
1093 1594 1180 1720 ejus

235 1749 412 1844 historia
465 1777 609 1876 potest
634 1763 651 1861 ς
701 1784 830 1877 quam
878 1752 971 1875 ipse
1000 1728 1180 1839 'iterum

236 1878 382 2029 paucis
417 1904 583 2029 attigit,
616 1936 711 1994 curn
745 1930 811 1994 tot
843 1902 1030 2029 linguis,
1050 1932 1179 2030 atque

236 2058 344 2190 adeo
378 2062 503 2153 etiam
521 2059 709 2185 Coptice
740 2056 876 2151 fausta
900 2056 1093 2184 precatus
1117 2083 1179 2152 est

236 2219 362 2310 novis
381 2220 527 2343 nuptis
543 2214 816 2342 Principibus
828 2215 1101 2308 Pedemontii
1117 2217 1180 2304 ⁰).

335 2371 486 2498 Atque
531 2371 604 2463 hic
636 2370 776 2464 libens
818 2369 949 2466 finem
983 2368 1096 2464 facio
1130 2375 1176 2462 in

192 2559 195 2564 ’
236 2529 324 2653 ejus
356 2529 556 2620 memorii
589 2529 832 2617 meritorum
850 2545 875 2638 ,'
905 2524 1021 2616 unde
1054 2559 1178 2649 prae-
1236 2552 1241 2562 ·

238 2679 317 2790 fari
358 2709 449 2775 sum
483 2693 653 2776 orsus.
719 2681 832 2789 Nam
887 2699 1177 2810 praeterquam

235 2841 356 2967 quod
383 2845 608 2968 ingenium
639 2832 804 2931 laudati
850 2834 909 2928 D.
953 2833 1177 2930 De-Rossi

231 3007 328 3102 amo
340 3011 374 3114 ,J
395 3016 440 3082 et
471 2989 710 3083 doctrinam
751 2992 967 3115 suspicio,
1008 2993 1049 3081 ei
1083 3009 1176 3114 ¹pu-

232 3141 345 3235 blice
378 3121 533 3272 gratias
566 3179 690 3271 agere
729 3143 871 3238 debeo
903 3145 1023 3272 quod
1058 3132 1175 3246 ultro

232 3297 286 3390 ad
319 3333 386 3391 me
419 3303 631 3428 scripserit
664 3300 1070 3428 quidquidrpoterat
1092 3295 1175 3396 sus·

291 3598 342 3682 (1)
362 3600 446 3666 vide
476 3623 546 3688 pag.
577 3607 659 3668 xxv1
689 3611 909 3674 assertationis
941 3578 1104 3673 ameriam.
1130 3608 1175 3674 ‘aa

231 3706 427 3783 Epithalamia
448 3718 565 3776 exoticis
587 3718 703 3794 lingitis
723 3721 852 3793 reddita,
873 3731 968 3802 atque
990 3717 1100 3780 horum
1119 3737 1173 3803 pa-

231 3803 304 3888 giuti
323 3809 403 3874 noni
425 3816 661 3902 inscriptionem
681 3825 894 3938 Pfffivfirffl³²4
914 3827 1088 3886 Praetoria.
