3022 4724
314 359 373 430 20

311 523 410 618 pag.
438 509 551 609 314.
585 482 703 576 Cairi
737 509 849 576 certe
882 483 1001 578 nulla
1029 466 1141 581 nunc
1169 520 1256 580 orn·
1291 569 1293 574 ,

313 646 420 734 nino
461 641 587 766 copia
631 634 838 728 librorum
869 635 1150 765 Copticorum
1194 673 1256 736 est
1495 708 1496 768 p

317 775 484 927 praeter
516 827 620 908 eos,
667 827 850 920 quorum
891 795 938 885 in
979 798 1103 902 sacris
1135 829 1259 909 usus,
1495 769 1496 776 i

184 995 187 1004 ·
314 951 389 1042 vel
424 952 470 1040 in
504 948 684 1074 Copticai
717 946 864 1073 linguai
908 946 1163 1041 addiscendi
1194 953 1259 1059 (ὓς

316 1139 443 1235 quam
476 1105 618 1196 nihilo
650 1106 787 1195 minus
819 1138 875 1196 ne
896 1101 1134 1199 sacerdotes
1165 1109 1259 1234 qui·

318 1263 415 1355 dem
449 1256 585 1386 Copti
618 1260 814 1386 plerique
845 1262 1121 1389 intelligunt.

417 1410 556 1538 Apud
605 1446 683 1504 nos
730 1439 869 1506 autem
922 1420 1013 1541 ejus
1065 1416 1261 1538 inchoata

321 1568 497 1682 notitia
526 1592 589 1657 est
642 1565 696 1658 ab
737 1568 974 1662 Athanasio
1017 1568 1263 1683 Kircher0‚

320 1726 396 1851 qui
441 1755 555 1814 anno
594 1717 714 1841 1636
763 1722 1046 1862 Prodromum
1083 1725 1262 1851 Coptum

321 1878 490 1973 Rornae
541 1876 706 1991 edidit,
756 1907 798 1970 et
845 1906 943 2006 post
995 1881 1264 2006 septennium

320 2031 536 2159 Linguam
596 2030 913 2158 Aegyptiacam
976 2037 1264 2130 restitutam:

323 2191 593 2298 laudandus,
626 2190 742 2318 quod
775 2195 966 2317 primusa
1009 2223 1266 2318 quamquam
1365 2219 1370 2228 ·

325 2371 374 2438 ut
401 2379 475 2437 sua
500 2346 582 2470 ipsi
613 2367 745 2435 errata
779 2346 1098 2471 ignoscerentur
1124 2376 1266 2470 neque

326 2500 560 2610 modestii,
587 2533 727 2627 neque
758 2498 982 2627 diligenti&
1010 2500 1242 2625 promeruit
1255 2510 1275 2585 .’

329 2655 434 2754 Post
460 2691 557 2750 eum
590 2653 618 2753 J
621 2720 632 2745 .
654 2653 716 2746 H.
737 2651 1022 2782 Hottingerus
1043 2657 1106 2765 (a,
1127 2651 1269 2753 Theo·

339 2899 344 2912 «
389 2862 436 2942 (1)
458 2856 542 2922 Vide
562 2861 795 2922 annotationem
815 2876 857 2919 ex
876 2855 1026 2920 Forskaio
1045 2855 1162 2918 ailitam
1181 2857 1269 2940 pagi·
1358 2853 1361 2859 “

332 2972 380 3032 nis
401 2964 507 3050 78281
530 2964 683 3030 Niebuhri
704 2967 884 3042 Description
906 2969 941 3026 de
960 2963 1117 3024 l’Arabiea
1143 2962 1271 3038 copera-

327 3101 382 3159 gue
397 3101 490 3154 1⁷⁷3,
509 3089 543 3140 et
563 3070 730 3150 Ultraiecti
752 3090 852 3154 1774.
879 3069 944 3132 Ubi
964 3067 1062 3133 verba
1082 3072 1178 3131 etiam
1196 3065 1272 3127 Nie-

333 3183 427 3273 buiyi
458 3182 521 3265 iegi
541 3177 638 3243 veiim
670 3196 688 3240 a
721 3194 791 3262 pag.
812 3191 871 3257 753
900 3191 1086 3270 quamquam
1117 3165 1271 3257 quaedam

333 3287 490 3351 nonsatis
510 3299 597 3347 recte
618 3279 735 3344 tradit.
768 3276 831 3343 Sed
851 3277 886 3340 hi
907 3277 1111 3342 recentissimi
1131 3270 1273 3338 erudito·

334 3417 403 3463 rum
423 3407 522 3471 sunt,¹
548 3395 603 3480 qui
624 3391 741 3473 Coptos
765 3388 952 3458 inviserint,
979 3394 1013 3444 et
1043 3375 1275 3467 quaedam'nos

335 3509 452 3575 docent
484 3525 546 3569 non
575 3498 698 3566 inutilia
723 3497 900 3585 'Coptorum
930 3492 1065 3572 ingeniis
1095 3480 1275 3565 fabulisque

323 3609 582 3700 -cognoscendis,
602 3623 685 3690 quae
706 3600 782 3665 alibi
801 3597 915 3663 frustra
935 3610 1085 3680 quaeras.

397 3723 441 3800 (a)
461 3717 572 3782 Psalmi
593 3715 606 3777 1
628 3725 737 3778 versus
760 3729 773 3770 1
798 3723 869 3770 eta
899 3703 1031 3786 Coptice
1051 3710 1091 3760 et
1104 3695 1214 3757 Latine
1234 3710 1274 3752 ex

338 3821 480 3892 editione
502 3821 683 3904 Hortingeri
702 3811 889 3904 prodierunt
909 3804 1031 3884 in-a0·
1047 3799 1276 3882 Heidelbergae
