3022 4724
1165 362 1217 458 31

290 535 409 632 spem
444 493 571 636 offert
603 495 859 595 mortalibus
891 490 1108 626 (Prover.
1138 492 1225 587 xnI

267 669 271 678 “
297 655 389 790 12)
416 656 633 786 parabola
665 652 918 748 Solomonis
951 683 1115 744 arcano
1147 648 1227 743 Ito-
1299 729 1302 736 .

291 815 363 912 die
401 817 636 944 perspicuo
674 807 753 938 fit.
797 810 868 902 Ac
901 837 1000 944 sane
1033 812 1081 900 in
1116 839 1228 901 con-

291 995 411 1062 textu
443 968 576 1095 longo
607 965 775 1095 aliquid
808 968 1033 1092 praeterire
1066 966 1232 1091 impru-·

292 1124 398 1218 dens
428 1120 554 1217 facile
587 1147 728 1247 potest
762 1119 900 1211 editor
932 1122 1128 1246 quamvis
1149 1117 1228 1210 do-

293 1304 407 1372 ctus.
444 1276 530 1370 Sed
563 1275 678 1401 apud
712 1271 900 1367 Tukium
926 1275 1049 1366 nimis
1075 1274 1228 1369 crebro

293 1430 444 1525 Latina
477 1428 675 1557 Coptieis
708 1464 798 1523 non
830 1428 1113 1557 respondent.
1137 1417 1229 1524 'Vi-

292 1587 347 1680 de
392 1585 467 1680 vel
510 1589 555 1676 in
588 1590 744 1715 pagini
791 1589 985 1713 proxime
1033 1591 1228 1716 sequenti

285 1761 386 1868 '297
407 1729 566 1838 ¹versui
609 1769 737 1838 sexto¹
779 1740 1067 1868 Memphitico
1110 1741 1228 1835 Gen.

295 1899 440 1992 xtvuI
457 1901 848 2026 interpretationem
864 1896 1097 2024 subjectam
1110 1897 1230 1991 The-

248 2128 250 2132 ·
292 2056 480 2168 baidiei,
512 2057 633 2182 quasi
666 2050 811 2144 eadem
844 2054 1036 2177 utrisque
1068 2085 1230 2144 conve·-

292 2212 431 2322 niret‚
472 2240 568 2301 cum
609 2230 748 2298 tamen
793 2203 870 2298 ille
902 2203 1057 2298 habeat
1101 2239 1230 2304 vocu-

292 2362 451 2459 huutur
475 2364 651 2457 nomine
665 2364 860 2490 fratrum
888 2397 1056 2476 suorum
1085 2369 1132 2458 in
1154 2365 1230 2462 he-

294 2517 480 2615 reditate
513 2553 623 2632 suo,
655 2553 746 2646 quo
777 2518 879 2613 loeo
912 2519 1232 2637 Thebanensis‚

294 2670 438 2765 Tukio
470 2677 727 2799 interprete,
759 2699 913 2770 nomen
947 2701 1066 2769 tuum
1101 2709 1233 2772 uoco·

294 2829 412 2928 bitur
449 2819 580 2957 supet
618 2862 719 2924 eos.
765 2829 837 2922 Ac
868 2823 981 2958 pag.¹
1004 2857 1093 2954 192
1135 2867 1230 2927 cum

294 2985 494 3080 dimidius
543 2991 674 3084 modo
722 3024 872 3086 versus
925 3014 984 3101 to
1031 3021 1125 3113 cap.
1170 3019 1232 3080 xv

293 3119 323 3239 J
324 3177 420 3236 oan.
465 3141 607 3236 Theb.
651 3172 695 3239 et
740 3144 837 3239 Lat.
884 3143 1101 3238 exhibitus
1143 3144 1232 3254 sit,

295 3296 465 3392 duobus
497 3300 676 3427 integris
712 3302 943 3427 interjectis
976 3291 1233 3425 Memphiti-
1300 3374 1303 3380 .

294 3462 354 3551 cis
388 3491 521 3550 nono>
540 3484 584 3550 et
617 3456 808 3566 decimo,
830 3456 1076 3584 intelligens
1096 3485 1235 3546 emen·

288 3591 419 3708 'dator
449 3649 594 3707 nonne
636 3613 865 3708 delevisset
908 3613 1030 3741 quod
1073 3609 1236 3703 redun-

295 3771 401 3862 dat?
439 3769 813 3892 Quemadmodum
845 3771 971 3880 etiam
1003 3797 1101 3892 pag.
1135 3785 1229 3882 273
