3022 4724
1149 395 1167 472 3

236 510 368 600 menti
410 507 697 636 congerendas
744 507 934 637 undique
986 537 1029 604 et
1075 513 1177 608 illu·¹

235 660 451 756 strandas.
501 663 653 791 Atque
702 663 903 792 equidem
952 653 1179 796 postquam

235 854 289 914 ex
320 825 409 948 ejus
442 821 575 914 literis
618 826 810 950 cognovi
842 825 1062 918 consilium
1094 827 1191 954 ho-¹

235 979 383 1090 minis,
415 957 610 1105 adeoque
637 975 807 1078 nullam,
826 981 915 1106 ejus
948 1014 1063 1074 nunc
1090 1015 1175 1074 cer-

236 1157 280 1222 te
311 1130 497 1224 futuram
541 1131 775 1262 Syllogen'
800 1131 1141 1258 Alphabetorum
1160 1193 1177 1245 ,·

201 1324 205 1332 ’
235 1287 433 1381 dubitavi
453 1288 700 1416 aliquandiu
722 1285 1009 1414 Copticumne
1036 1323 1175 1382 meum

237 1441 405 1566 prodire
437 1446 484 1534 in
512 1466 788 1567 conspectum
828 1442 1006 1532 sinerem
1037 1440 1175 1532 solum

237 1596 571 1722 destitutumque
605 1597 817 1723 praesidio
849 1599 1005 1723 sperati
1039 1595 1177 1690 hone-

236 1752 403 1845 stissimi
434 1756 673 1844 comitatus.
723 1751 812 1842 Sed
843 1781 889 1843 ut
920 1756 1175 1862 emitterem,

236 1910 368 2033 ipsius
406 1905 606 2032 perpulit·
637 1908 891 2020 auctoritas,
924 1940 1051 2032 quem
1085 1940 1177 1997 cer-

236 2085 328 2150 tum
360 2093 497 2184 aeque
528 2063 706 2151 amicum
739 2057 901 2170 habeo,
935 2087 1063 2189 atque
1096 2062 1176 2155 ho·

209 2249 328 2305 rum
359 2213 592 2306 studiorum
629 2216 933 2307 aestimatorem
974 2240 1017 2306 et
1060 2215 1176 2342 judi-⁴

236 2407 347 2466 cem.
381 2371 451 2464 Ac
483 2405 629 2464 revera
660 2405 914 2499 quamquam
946 2372 1086 2464 exilis.
1104 2407 1177 2464 ar·-

236 2532 425 2655 gumenti
465 2528 705 2626 lucubratio
738 2554 840 2641 est,
878 2561 968 2619 non
1008 2526 1175 2618 inutilis

235 2693 376 2771 tamen
410 2714 458 2772 ea
490 2678 659 2772 videtur
688 2683 894 2792 extitura,
927 2713 1017 2772 non
1045 2680 1176 2775 modo

235 2859 285 2924 ut
313 2833 381 2925 'ad
411 2833 554 2959 plures
587 2837 807 2960 perveniat
841 2838 1001 2926 ¹notitia
1033 2835 1174 2963 aliqua

235 2987 436 3074 sermonis
483 2984 782 3113 Aegyptiaci,
830 2985 905 3076 sed
950 2987 1050 3079 ideo
1102 2990 1177 3082 vel

144 3183 145 3188 Ν
182 3231 183 3234 a
236 3139 463 3249 maxime,
487 3164 537 3228 ut
569 3138 693 3262 hujus
726 3139 933 3230 elementa
967 3139 1175 3232 inchoen-

236 3319 306 3383 tur
325 3295 559 3418 praeceptis
578 3290 841 3384 verioribus.
869 3289 1041 3383 Erravit
1062 3294 1175 3382 enim

236 3447 484 3560 interdum,
517 3445 646 3574 ‘quod-
685 3444 915 3557 humanum
957 3473 1049 3555 est,
1097 3451 1174 3573 qui

20 3607 24 3614 ’
153 3690 155 3696 ,
237 3603 395 3724 primus
427 3600 502 3692 has
534 3601 676 3693 literas
708 3603 876 3727 attigit,
910 3597 1173 3712 Kircheru33

239 3788 379 3882 neque
421 3760 512 3883 ejus
562 3758 758 3884 graviora
805 3757 971 3883 aliquot
1012 3784 1172 3865 errata,
1266 3760 1269 3766 ’
