3022 4724
1130 387 1182 486 23

256 514 318 602 nii
351 511 566 639 studiique
598 510 711 603 haud
743 509 934 642 vulgaris
968 515 1047 605 iter
1080 513 1194 607 Sini-

251 701 349 761 cum
378 665 608 796 Evangelii
639 701 763 759 causa
795 695 1035 794 susceptum
1067 651 1198 792 interss'

250 828 391 952 cepit.
424 824 574 952 Itaque
595 858 619 915 a
640 825 811 915 nemine
846 822 1069 948 praecipua
1101 819 1193 914 laus

250 977 363 1072 bene
393 980 634 1069 meritorum
657 976 711 1070 de
735 977 867 1069 literis
887 974 1080 1103 Copticis
1101 973 1193 1069 Da·

132 1137 134 1140 ’
251 1130 348 1223 vidi
372 1128 612 1226 Wilkinsio
635 1157 857 1257 praerepta
876 1159 962 1224 est.
989 1129 1099 1224 Nam
1120 1137 1193 1262 qui

249 1283 559 1381 Fundamenta
615 1287 813 1414 Linguae
885 1320 978 1378 cum
1031 1290 1195 1418 analysi

249 1443 520 1564 ⁴grammatici
541 1439 763 1532 Orationis
782 1437 1033 1534 Dominicae
1054 1440 1196 1567 prodi-

252 1590 315 1683 dit
334 1629 447 1687 anno
466 1595 618 1688 eodem
645 1593 795 1712 1716,
816 1632 906 1725 quo
932 1595 1191 1694 Wilkinsius

250 1741 426 1838 Novum
439 1745 781 1860 Testamentum,
801 1746 1034 1840 Christian.
1046 1749 1190 1842 Gottl.

250 1897 552 2028 Blumbergius
579 1899 696 1992 haud
723 1933 915 2028 magnam
934 1902 1077 1992 inivit
1103 1905 1193 2030 gia·

250 2055 352 2142 tiam
397 2087 420 2142 a
455 2051 722 2178 philologis,
764 2053 917 2163 credo,
950 2056 1068 2182 quod
1102 2083 1192 2150 tra-

249 2203 393 2297 denda
427 2207 709 2330 suscepisset,
741 2241 850 2333 quae
883 2210 974 2333 ipse
1008 2241 1096 2301 non
1129 2245 1192 2302 sa-

250 2361 303 2449 tis
336 2365 485 2452 sciret.
539 2358 801 2455 Wilkinsius
834 2390 972 2455 autem
1015 2390 1058 2458 et
1100 2366 1191 2490 ipse

250 2511 579 2616 Grammaticam
612 2551 659 2609 ac
680 2515 995 2610 Dictionarium
1019 2515 1189 2644 Copto-

247 2669 425 2765 latinum
446 2674 751 2780 concinnavit,
784 2672 1001 2780 editurus,
1033 2675 1067 2762 si
1089 2670 1191 2762 Me·
1331 2689 1334 2696 ’

246 2853 464 2918 coenatem
487 2856 639 2920 nactus
667 2857 798 2937 esset,
830 2827 1189 2955 quemadmodum

129 2973 132 2980 ⁴
246 3004 290 3076 et
323 2977 576 3070 Psalterium
616 3006 659 3072 et
702 2978 933 3072 Danielem
975 3014 1072 3072 cum
1112 2979 1187 3074 xil

244 3134 474 3261 Prophetis
508 3137 836 3247 minoribus·<¹>;
868 3163 913 3229 et
945 3169 1053 3262 quae
1085 3133 1186 3228 vul-

243 3296 362 3419 gavit
416 3292 675 3385 nitidissimis
727 3285 880 3424 typis,
928 3324 1185 3425 quamquam

243 3450 389 3539 erratis
423 3481 513 3539 non
534 3471 703 3555 carent,
736 3448 813 3573 qui
838 3473 978 3539 tamen
1011 3441 1074 3536 fas
1096 3478 1184 3536 esse

275 3667 277 3676 Ι
303 3711 353 3794 (1)
374 3712 455 3777 Vide
475 3734 555 3800 quae
575 3718 609 3776 in
630 3691 772 3777 extremi
792 3705 990 3772 Praefatione
1010 3703 1179 3766 Pentateu-

130 3903 133 3908 .
243 3813 295 3879 chi
314 3817 501 3884 Wilkinsius
522 3831 674 3884 memorat
694 3836 723 3879 a.
744 3833 817 3897 1731
836 3855 845 3874 .

1368 1968 1427 2153 s
