3028 4724
326 323 380 406 68
740 188 819 324 s

315 463 505 574 ejusdem
526 463 684 578 singula
705 463 1002 580 significationis
1028 497 1124 554 cum
1145 467 1274 557 Grae-

327 633 399 704 co,
439 607 547 688 unde
581 627 675 690 sunt
702 606 849 693 ducta.
886 607 1106 719 inquibus
1144 617 1273 698 nemi·

329 771 423 828 nem
459 767 638 828 moretur
673 778 703 835 e
733 748 922 856 scriptum
959 776 1031 857 pro
1068 777 1137 848 αι,
1176 774 1217 832 et
1254 787 1272 840 r

329 913 402 995 pro
432 914 491 974 ει.
519 883 608 970 Jam
637 889 746 969 enim
778 886 966 970 velante
996 882 1271 995 Alphabetum

327 1023 468 1106 monui
498 1025 554 1106 ita
575 1049 779 1106 consuesse
802 1018 1068 1132 Memphitas,
1095 1052 1271 1134 quorum

326 1158 545 1244 dialectum
575 1189 683 1245 nunc
719 1161 848 1244 solam
875 1163 1066 1272 respicio,
1095 1164 1272 1249 dicturus

220 1297 223 1302 ’
328 1299 379 1381 dc
423 1293 581 1384 Saidic'a
629 1301 702 1383 sub
751 1297 876 1383 finem
930 1301 1094 1409 paucis.
1143 1296 1270 1418 Igitur

325 1435 581 1548 Memphitae
621 1433 827 1523 Graecum
867 1436 1070 1522 infinitum
1110 1461 1272 1522 assuunt

271 1559 274 1564 ⁸
328 1579 433 1662 nihil
462 1601 665 1663 mutatum
688 1575 890 1694 Aegyptio
910 1578 1035 1660 verbo
1057 1609 1133 1697 cp,
1160 1574 1271 1685 quod

327 1723 488 1806 variant
516 1719 662 1804 deinde
690 1715 988 1832 conjugantque
1030 1713 1185 1826 proprii
1212 1718 1273 1825 ip-

327 1892 463 1948 sorum
484 1865 637 1948 ratione
658 1859 839 1971 praefixis
862 1859 966 1944 notis
991 1885 1272 1968 personarum,

328 2027 581 2113 temporum,
610 2032 657 2087 ac
685 2000 928 2099 modorum,
964 2027 1138 2110 quarum
1167 1995 1271 2082 nihil

325 2144 455 2227 simile
483 2139 654 2227 Graecia
683 2146 820 2227 novit.
1140 2152 1143 2163 “

279 2313 283 2324 ·
414 2275 607 2364 Univetse
628 2304 766 2364 autem
788 2307 907 2366 voces
922 2275 1104 2366 Graecae
1123 2280 1166 2368 in
1186 2302 1273 2365 tert·¹

328 2448 375 2506 tu
404 2419 575 2531 Coptico
615 2425 753 2506 statim
793 2424 1149 2525 internoscuntur,
1189 2424 1273 2533 ipso

330 2562 444 2672 quasi
493 2561 614 2644 vultu
663 2559 894 2670 profitentes
947 2565 1144 2680 peregrini
1205 2591 1273 2648 em

329 2729 470 2785 suam.
512 2699 737 2789 Paucarum
766 2731 815 2787 ea
843 2701 975 2790 forma
1003 2729 1086 2807 est,
1125 2559 1293 2834 uk

329 2842 426 2925 scias
469 2863 608 2924 utrum
635 2837 801 2928 Graecis
828 2841 1016 2958 Aegyptii
1059 2845 1271 2944 dederint,
1318 2943 1320 2948 Ι

330 3009 385 3065 an
427 2981 620 3081 debeant,
664 2983 780 3067 velut
829 2995 947 3081 0331
990 2979 1085 3101 St'ssp
1118 2981 1274 3095 fiscella

324 3125 443 3241 plexa
461 3131 502 3205 in
529 3127 677 3206 modum
697 3125 875 3220 arcolae)
896 3157 998 3244 goq
1020 3121 1135 3248 ὄφις,
1164 3134 1272 3216 κελι

331 3258 492 3370 σκέλος,
521 3265 744 3362 widem
772 3264 885 3374 quod*
910 3275 974 3357 ολ
1005 3274 1115 3362 ωλι,
1143 3257 1271 3359 ἑλεῖν,

332 3436 431 3523 capr<
460 3396 578 3524 ὅρκον
608 3399 795 3519 ὀμνύναι,
825 3414 948 3494 cade
981 3397 1131 3526 σοφὸς,
1163 3409 1271 3511 git-r

331 3539 451 3667 ἦτορ,
482 3573 592 3662 crtqr
621 3537 769 3666 ξίφος,
799 3535 919 3639 (ολ,
949 3564 991 3624 et
1019 3548 1130 3651 ςμωλ
1151 3535 1273 3650 ouidi

331 3704 409 3764 etc.
445 3680 522 3766 Sed
552 3680 783 3794 hujusmodi
809 3705 902 3766 sunt
928 3683 1097 3764 omniuo
1125 3703 1272 3786 pauca,

331 3842 374 3903 et
413 3822 601 3931 pauciora
641 3824 798 3922 etiam,
838 3849 1012 3932 quorum
1051 3813 1273 3904 similitudo
