3022 4724
328 393 381 468 44
706 441 715 466 s
918 439 919 442 ,

327 506 388 588 nis
416 498 680 614 legebantur.
711 491 851 596 Quare
882 485 933 570 de
958 483 1164 593 primaevo
1185 504 1271 558 non

260 699 261 702 ν
330 645 456 730 modo
483 667 604 736 sonn,
625 633 695 718 sed
717 632 840 716 etiam
862 650 1031 708 numero
1051 617 1273 732 Aegyptia-

250 631 280 983 s
332 812 423 866 rum
451 778 670 863 vocalium¹
696 767 799 856 nihil
827 793 982 854 certum
1012 762 1168 846 habeo.
1204 756 1273 842 Se·

329 945 439 1033 ptem
451 916 631 1002 Graecae
653 914 722 999 diu
744 932 838 995 ante
857 904 1066 989 Christum
1084 897 1273 984 videntur

324 1060 383 1146 ad
412 1055 553 1141 Nilum
581 1053 649 1140 vel
677 1055 718 1135 in
747 1052 864 1134 sacris
894 1065 1107 1153 usurpatae
1137 1036 1156 1157 (
1181 1035 1222 1155 ).

331 1211 1273 1251 ...-..--------·—-·-—-—-—·—--

393 1305 444 1388 (a)
466 1306 501 1367 In
520 1303 633 1368 scholis
653 1305 760 1387 Aegy·
780 1303 1236 1396 ᾕ-ζ--π--Ξῗω

336 1414 411 1495 ptiis
441 1421 530 1474 erant
550 1423 646 1472 notae
668 1413 762 1472 musi·
858 1403 881 1440 ⁵¹
902 1395 933 1438 ¹⁴²
953 1399 982 1439 Γ*
1002 1376 1088 1453 ''us“
1107 1375 1153 1436 ⁵⁰¹
1171 1375 1202 1434 la

329 1531 387 1576 cae
408 1529 526 1598 septem
547 1491 713 1589 sonorum,
730 1527 763 1586 et
816 1577 817 1582 ,
855 1482 884 1612 (ἓ
908 1481 926 1618 Ξ
951 1481 971 1616 5¹3¹
998 1477 1154 1614 (13pr
1180 1477 1205 1614 ζ

334 1615 776 1700 astronomicaeplanetarum‚
1188 1697 1194 1704 ι

333 1737 369 1787 ut
390 1727 422 1786 in
443 1722 599 1786 laterculo
620 1722 674 1785 hic
700 1722 909 1797 exhibentur,
929 1716 1038 1784 additai
1058 1721 1276 1805 superiusmu-

332 1827 398 1894 sicai
418 1825 666 1914 significatione,
695 1827 825 1893 inferius
853 1824 1079 1892 astronomici.
1112 1824 1275 1890 Canebant

333 1938 432 2020 igitur
453 1935 501 1997 his
522 1935 701 2012 vocalibus,
729 1932 992 2022 quemadmodum
1020 1953 1101 1996 nunc
1129 1949 1275 1996 sonorum

333 2040 511 2105 nominibus
538 2035 770 2124 solseggimmo:v
783 2044 891 2128 ltaque
913 2037 1090 2104 sacerdotes
1117 2045 1156 2100 et'
1169 2050 1276 2100 canto·

333 2169 402 2226 res,
421 2146 536 2226 credo,
556 2147 731 2232 complures
751 2153 784 2211 in
806 2147 929 2231 templis
950 2140 1011 2207 unb
1041 2139 1199 2236 σνμφὸνως
1226 2141 1275 2204 his

308 2257 310 2260 ’
334 2255 498 2320 vocalibus
518 2259 750 2337 solseggiavaaor
770 2272 871 2338 neque
892 2254 1028 2315 insuavis
1047 2267 1089 2312 ex
1106 2247 1194 2324 hiatu
1208 2250 1274 2310 sine

335 2364 477 2428 consonis
497 2374 666 2420 concentus
687 2355 862 2433 existebat,
887 2360 942 2442 qui
963 2373 1039 2438 prae
1059 2350 1181 2416 cithari
1201 2349 1276 2413 tibi-

335 2471 424 2554 isque
446 2479 536 2551 aptus
557 2462 673 2529 divinis
695 2461 838 2527 laudibus
861 2459 1055 2538 habebatur,
1075 2455 1162 2546 quod
1178 2475 1276 2522 voces

337 2587 590 2657 concentumque
611 2567 753 2634 referret
782 2569 963 2632 caelestium
990 2569 1117 2631 orbium
1145 2564 1276 2629 laudan·

337 2680 418 2738 tium
439 2677 560 2740 Deum.
589 2678 667 2739 Hinc
694 2692 803 2740 auctor
831 2675 903 2738 libri
932 2675 1009 2774 περὶ
1028 2673 1185 2775 ἑρμηνέως
1204 2689 1284 2738 con-'
1324 2699 1327 2704 ·

335 2782 470 2848 tendens
486 2785 612 2848 vocales
628 2802 819 2850 concurrere
831 2789 969 2849 suaviter
980 2789 1012 2848 in
1023 2789 1165 2848 oratione
1180 2783 1275 2866 §.yn

335 2887 370 2964 Ε
372 2921 388 2965 ν
408 2888 584 2990 Αἰγύνῆῳ,
614 2898 680 2972 ait,
708 2892 768 2964 καὶ
787 2891 859 2964 τούς
880 2884 974 2964 θεοὺς
995 2890 1120 2980 ὑμνοῦσι
1143 2891 1198 2962 διαὶ
1218 2887 1278 2964 adv

338 2990 414 3079 {add
440 2997 616 3090 pontimi
650 2994 680 3064 o‘t
712 2994 831 3082 lapsis,
867 2994 975 3092 ἐφεξῆς
1000 2993 1152 3083 ἡχνῢνως
1179 2994 1277 3065 dora.

338 3103 400 3176 καὶ
425 3100 500 3178 duct*
527 3103 630 3175 αὐλοῦ
658 3103 718 3176 καὶ
740 3103 816 3176 duat*
843 3103 986 3202 κιθάρας
1006 3103 1064 3178 των
1082 3103 1279 3201 γραμμάτων

336 3207 456 3281 τούτων
478 3207 494 3278 ὅ
516 3202 594 3296 ἦχος
616 3207 770 3281 ἀκούεται
800 3206 854 3280 ὑπ’
879 3208 1052 3301 ἰνφωνίως.
1080 3213 1143 3276 Ubi
1171 3207 1279 3307 ἐφεξῆς

338 3317 529 3401 interpretor
540 3315 630 3379 aliam
641 3331 712 3401 post
725 3319 817 3381 aliam
828 3325 1028 3387 continenter
1036 3368 1046 3400 ,
1055 3325 1198 3407 quamvis
1206 3331 1276 3405 post

339 3429 485 3510 quamvis
519 3429 646 3504 statim,
679 3446 740 3489 non
764 3448 827 3492 uno
847 3429 1022 3518 eodemque
1052 3429 1164 3494 ordine
1194 3447 1279 3491 eanr-

883 1643 926 1654 on·—

337 3525 411 3592 dem
426 3546 496 3615 post
514 3530 643 3594 eandem
656 3549 795 3615 semper3
805 3532 894 3618 quod
906 3555 963 3598 nec
975 3539 1127 3619 potuisset
1139 3553 1202 3595 non
1213 3549 1288 3593 esse·

338 3640 522 3712 molestum,
537 3657 570 3705 et
585 3656 806 3724 argumentum
821 3639 1050 3726 suppeditasset
1068 3640 1234 3704 suavitatis
1247 3639 1281 3696 in

339 3765 491 3810 concursu
517 3749 672 3811 vocalium
701 3747 830 3813 definite
858 3749 948 3828 hujus
976 3764 1071 3835 atque
1091 3749 1196 3823 illius,
1216 3762 1279 3809 non

254 3941 256 3946 λ
340 3871 534 3941 quarumque
561 3859 728 3926 universe,
758 3856 845 3942 quod
874 3857 947 3922 vult
973 3854 1117 3920 laudatus
1147 3864 1277 3917 auctor.
