3022 4724
1128 345 1156 440 7

218 476 432 572 Saidicum
464 477 680 604 antiquius
698 473 739 533 ‘¹'
771 471 876 566 mihi
908 471 1078 569 videtur
1111 513 1161 572 ac

219 633 388 759 purius,
434 665 564 757 quam
597 630 798 758 pleraque
830 631 1003 726 dialecti
1044 639 1162 764 ejus-

220 782 316 877 dem
360 783 475 908 apud
519 782 708 878 Tukium
759 787 955 914 exempla
998 817 1163 919 sumpta

221 935 276 1027 ab
316 937 617 1068 interpretibus
660 935 798 1066 divim
832 939 1032 1036 Codicis.
1085 945 1163 1039 Iti-

220 1092 318 1190 dem
367 1122 513 1191 extare
556 1094 723 1222 aliquid
771 1101 985 1226 antiquius
1036 1105 1161 1200 etiam

221 1247 338 1337 omni
371 1243 655 1371 Memphiticai
688 1245 927 1342 Bibliorum
954 1251 1164 1382 Interpre-

225 1403 386 1493 tatione
412 1399 517 1526 quid
545 1401 693 1494 vetat'?
725 1399 823 1531 Ego
856 1401 967 1498 hanc
999 1432 1164 1500 tantum

116 1548 119 1556 ’
226 1558 294 1671 aio
325 1581 367 1648 ct
398 1581 585 1650 ¹veterem
616 1554 871 1665 admodum,
905 1583 949 1649 et
982 1555 1166 1652 Thebai·

228 1701 350 1800 densi
363 1805 367 1810 ,
381 1735 572 1833 magnam
604 1733 717 1800 certe
743 1739 903 1835 partem
937 1742 1029 1809 cum
1046 1687 1166 1802 ¹aeta·-

157 1967 160 1972 Α
223 1890 292 1980 te,
331 1890 421 1955 tum
454 1867 640 1990 puritate,
669 1866 1034 1991 praestantiorem.
1080 1865 1165 1958 Sed

211 2042 364 2112 cetera
395 2051 726 2145 persequamur.

211 2257 213 2260 ,
323 2173 393 2266 Ac
426 2172 480 2266 de
518 2176 701 2265 nominis
729 2176 899 2301 origine
931 2202 1043 2270 recte
1076 2177 1166 2272 Re·

232 2327 455 2422 naudotius
475 2332 513 2390 (²)
530 2355 675 2460 monet
695 2328 950 2424 declinatum
970 2367 1058 2425 non
1078 2368 1166 2430 esse

202 2493 205 2498 ’
229 2520 255 2578 a
285 2485 463 2614 Copt0‚
496 2485 652 2580 celebri
684 2485 931 2599 Thebaidis¹
951 2489 1164 2613 emporio,

229 2648 346 2772 cujus
375 2646 490 2737 cives
522 2673 565 2736 et
595 2644 762 2737 accolae
781 2641 983 2771 Coptitae
1013 2637 1036 2774 (
1046 2641 1167 2736 Korr-

288 2934 340 3016 (1)
361 2939 560 3013 Fragmentum
583 2935 724 3010 Captivam
744 2953 780 2992 ex
799 2927 881 2990 Aeris
901 2929 933 2990 S.
952 2931 1065 2992 Calathi
1078 2931 1164 2992 Mar·

228 3041 298 3121 tyris
317 3053 423 3098 enarum
442 3058 480 3098 ex
500 3040 662 3097 memhrarrr's
681 3036 871 3097 vetustissimis
891 3035 976 3094 seculi
1001 3051 1024 3094 ν
1044 3056 1078 3093 αι
1097 3035 1167 3096 lati·

227 3167 263 3208 rre
282 3146 442 3216 redditum,
463 3146 536 3220 quod
556 3165 626 3202 nura
642 3145 764 3224 primum
780 3141 809 3199 ira
829 3141 918 3199 lucem
934 3138 1042 3215 profert
1055 3159 1091 3198 ex
1106 3159 1167 3196 mu·

226 3277 275 3317 sea
295 3275 344 3316 suo
365 3255 523 3332 Stephanus
543 3253 652 3329 Borgia
671 3273 690 3310 a
710 3251 828 3311 Secreris
847 3251 952 3310 Sacrae
967 3250 1167 3326 congregatio·

229 3347 274 3418 rtis
294 3361 329 3419 de
349 3358 540 3436 Propagarrda
558 3355 653 3415 Fide.
680 3356 807 3422 Romae,
828 3357 904 3434 typis
923 3353 989 3412 Sar.
1009 3351 1112 3430 Congr.
1133 3352 1168 3411 de

228 3463 353 3542 Propag.
375 3463 448 3524 Fide
466 3484 494 3522 a.
517 3477 615 3528 1781·
648 3457 756 3522 in·8.⁰
943 3509 945 3513 ,

310 3566 362 3652 (a)
383 3569 571 3646 liturgicum
594 3567 702 3629 Orienr.
722 3563 824 3626 tom-I
843 3581 913 3649 pag.
932 3580 1015 3628 cxv.
1036 3557 1101 3624 Sed
1122 3564 1180 3628 irr·,

230 3667 272 3736 de
302 3691 321 3734 a
354 3691 425 3757 pag.
448 3673 533 3736 cxrrl
560 3673 623 3758 legi
654 3671 750 3736 velim
782 3683 880 3735 totam
900 3675 963 3738 viri
990 3667 1167 3734 doctissimi

230 3773 479 3842 dissertationem
501 3777 542 3844 de
562 3775 668 3864 lingui
689 3775 842 3863 Coptici.
958 3806 967 3823 ·
