3028 4724
186 433 190 441 .
1124 307 1176 464 '⁶5

258 519 1165 590 ff&-
1315 533 1317 538 ·

390 691 860 788 ADDITAMEN
869 689 1038 786 TUM

499 861 920 938 euamuarrcuur
976 864 979 869 ·

606 1041 608 1046 ·
679 1021 751 1064 srva

545 1135 882 1203 RUDIMENTI

165 1195 167 1200 Ι
311 1262 750 1356 LITERATURAE
799 1261 1115 1364 COPTICAE
1247 1369 1249 1374 Α

463 1435 598 1494 PARS
640 1431 989 1518 Romamn„

587 1567 830 1603 Μ

251 1655 653 1869 Quandoquidem
694 1742 872 1850 superior
914 1742 1081 1854 exiguus
1125 1739 1185 1822 la-

244 1879 341 1979 bor,
368 1908 451 1990 quo
478 1909 567 1964 sum
595 1902 764 1962 conatus
793 1877 993 1964 illustrare
1022 1873 1186 1985 'Alphe-
1309 1907 1312 1915 ·

244 2021 385 2104 betum
414 2014 726 2131 Aegyptiacum,
753 2042 862 2097 secus
892 2043 938 2097 ac
968 2014 1184 2122 putabam,

90 2237 92 2242 ,
246 2159 379 2269 prodit
399 2157 525 2257 solus,
547 2155 700 2237 molem
720 2181 866 2268 augere
888 2151 1187 2262 aliquantulum

245 2306 360 2412 juvat
400 2323 522 2408 atque
551 2295 771 2380 utilitatem
807 2293 899 2376 libri
940 2289 1186 2400 appendice,

245 2439 288 2519 in
316 2435 393 2546 qud
428 2433 544 2531 mihi
568 2437 819 2544 propositum
854 2457 913 2516 est
955 2430 1006 2515 de
1044 2429 1185 2516 eidem

245 2571 402 2675 fidelia,
437 2573 549 2683 quod
577 2580 713 2684 ajunt,
750 2572 850 2657 duos
881 2575 1048 2680 parietes
1077 2570 1187 2656 deal-

246 2717 378 2814 bare,
421 2738 542 2826 atque
589 2719 645 2798 ita
686 2718 820 2823 primis
868 2716 1023 2825 aliquot
1066 2717 1188 2798 initiis

247 2855 517 2966 grammaticis
565 2846 745 2966 Linguae
786 2851 1014 2960 Comicae,
1059 2855 1188 2938 veluti

246 2991 380 3100 primis
408 2989 521 3072 lineis
548 2987 762 3074 informare
790 2994 1010 3106 imaginem
1037 2994 1188 3108 ingenii

247 3137 350 3243 ejus,
378 3152 423 3211 ut
453 3127 532 3212 uni
560 3129 776 3240 eidemque
798 3130 916 3239 opera
944 3155 984 3215 et
1013 3139 1093 3243 ejus
1123 3135 1189 3215 de·

247 3293 491 3356 monstretur
529 3273 669 3352 nativa
711 3271 921 3380 disjunctio
963 3299 987 3352 a
1033 3266 1188 3354 Graeci

248 3433 370 3519 atque
398 3408 450 3491 ab
479 3403 688 3506 Hebraea,
731 3435 772 3490 et
801 3410 1000 3516 aperiatur
1028 3409 1189 3509 aditus,

247 3576 328 3656 quo
371 3573 441 3656 per
481 3573 521 3630 se
558 3547 723 3656 quisque
760 3551 878 3655 possit
907 3549 1096 3634 accedere
1136 3550 1190 3633 ad
1267 3554 1268 3557 ‘

248 3685 510 3770 hauriendam
539 3714 564 3768 a
593 3689 737 3795 quovis
764 3684 936 3798 Coptico
965 3715 1081 3776 textu
1111 3693 1191 3776 col·
1277 3778 1280 3784 .

250 3827 334 3919 lato
371 3855 466 3912 cum
502 3828 829 3940 interpretatione
868 3829 935 3914 vei
976 3826 1088 3920 fonte
1116 3833 1190 3919 do-
