3028 4724
235 495 434 558 stamento
461 469 714 556 Wilkinsius'
737 455 861 556 fidem
899 495 1055 556 secutus
1083 363 1177 557 M5a9-

237 615 528 722 nuscriptorum
571 613 614 692 in
655 636 723 711 re,
761 639 886 720 quam
923 606 1052 692 nihilo
1094 612 1176 722 ipse

236 756 379 839 melius
422 753 659 852 intellexit,
705 780 830 861 quam
882 753 1040 836 ceteri.
1093 747 1177 834 Ne-

236 924 313 1004 que
354 896 463 978 enim
505 894 611 1002 prior
653 890 769 974 litera
811 913 871 974 est
909 924 969 990 o,
1006 912 1053 972 ut
1094 890 1174 996 ipse

236 1037 396 1148 conjicit
433 1028 521 1151 (a),
562 1060 692 1143 neque
732 1061 790 1131 o,
832 1031 944 1141 quod
988 1030 1176 1115 videntur

236 1170 463 1270 credidisse,
484 1171 552 1280 qui
575 1159 631 1257 ὁὶ
652 1170 767 1254 nobis
790 1168 1074 1264 obtruserunt,
1097 1163 1175 1250 Sed
1222 1242 1224 1246 ,

236 1311 405 1414 omnino
434 1331 492 1390 est
523 1302 568 1396 ὅ
595 1312 731 1417 juncta
759 1303 938 1413 sequenti
969 1334 1025 1400 c,
1053 1324 1095 1384 et
1122 1311 1179 1392 οἳ,

235 1449 455 1565 legendum
485 1441 621 1538 (rute.
667 1443 793 1548 Quod
823 1439 1070 1528 vocabulum
1111 1463 1177 1522 ut·-

235 1618 327 1674 rum
353 1589 488 1672 excelsi
515 1587 725 1668 notionem
763 1582 815 1665 ab
843 1581 996 1698 origine
1026 1577 1176 1674 ducat,

235 1753 321 1810 non
361 1723 427 1810 hic
461 1751 644 1834 quaero,
685 1722 755 1806 sed
793 1749 843 1804 ex
872 1748 947 1802 usu
987 1717 1176 1805 dominum

234 1865 502 1983 significabat,
522 1867 604 1986 sive
620 1859 776 1961 Deum,
798 1863 880 1944 sive
896 1858 1024 1941 alium
1038 1883 1177 1966 quem·

235 2007 312 2090 vis.
342 2000 483 2113 Copti,
513 2031 607 2084 cum
637 1999 798 2085 fortasse
823 2007 909 2112 jam
938 2000 1090 2110 pridem
1119 1999 1178 2083 Ιε-λ

235 2167 330 2254 gere
365 2141 630 2241 instituerint,
669 2138 1014 2250 quemadmodum
1048 2137 1175 2254 vulgo
1229 2225 1233 2232 ,

236 2278 438 2381 Hebraei,
475 2281 717 2391 compendia=
743 2281 967 2366 dictionum
1003 2281 1104 2392 solis
1131 2281 1179 2366 li-

234 2425 348 2523 teris,
385 2449 489 2533 quae
519 2422 771 2519 scribuntur,
799 2448 849 2504 eo
879 2420 1047 2504 tandem
1077 2418 1178 2530 lapsi

197 2591 200 2598 ·
234 2558 444 2660 videntur,
471 2582 517 2645 ut
546 2589 631 2644 non
660 2561 784 2646 modo
823 2559 929 2647 hanc
959 2564 1177 2648 dictionem

109 2797 116 2808 ι
234 2700 435 2816 integram
480 2730 691 2812 nunquam
730 2703 927 2803 scribant,
967 2704 1035 2789 sed
1064 2706 1178 2818 igno-
1289 2701 1292 2706 ’

234 2866 325 2926 rent
365 2868 537 2951 prorsus.
582 2842 637 2924 At
681 2840 784 2926 forte
822 2844 980 2926 fortuni
1009 2842 1181 2928 Thebai·

229 2981 374 3064 ,denses
414 3006 496 3061 non
523 2980 676 3063 wiisdem
713 2982 900 3066 omnibus
939 2985 998 3065 usi
1027 2983 1180 3066 dictio-

235 3146 335 3200 num
375 3118 648 3227 compendiis,
693 3120 844 3228 vquibus
896 3114 1179 3227 Memphitae3

234 3280 357 3366 atque
402 3255 471 3341 ubi
501 3253 544 3338 hi
574 3255 726 3340 habent
754 3267 831 3357 oa,
861 3255 919 3340 iili
948 3285 1092 3342 vocem
1120 3257 1181 3340 in-

235 3420 393 3513 tegram
433 3421 694 3482 servaverunt
735 3429 907 3496 noete,
949 3425 1052 3506 quae
1088 3398 1181 3479 scri·

234 3536 367 3622 benda
405 3533 672 3648 Memphitice
714 3532 859 3635 (susc,
901 3558 947 3618 ut
987 3528 1177 3623 naon

236 3701 309 3782 pro
338 3671 496 3760 Saidico
540 3710 757 3767 nruoett
800 3673 820 3790 (
834 3683 934 3758 viam
968 3680 1180 3788 praecinere

297 3837 348 3922 (a)
369 3843 483 3923 Proleg.
505 3846 544 3904 Ν.
558 3801 726 3906 Ϊο-ιῖΙ.
