3028 4724
312 368 364 445 80

310 511 427 588 istam
455 499 599 616 faciem
641 520 696 578 est
731 493 900 586 morbus,
943 496 1017 604 qui·
1052 515 1138 580 me,
1170 515 1256 566 mea

315 641 590 758 Gymnasium,
611 621 804 718 'macetum
846 627 1070 736 Usurpatur
1112 646 1255 708 autem

313 811 414 895 8⁰³
443 772 648 900 πρόσωπον
669 769 824 890 facies,
852 797 1039 886 persona,
1068 792 1165 850 cum
1191 790 1257 845 ar-

312 921 438 1006 ticulo
466 918 687 1002 masculino
715 947 841 1029 περ,
870 941 953 996 non
981 941 1114 1023 τεο,
1143 904 1254 988 unde

311 1063 497 1172 suspicari
525 1059 620 1141 licet
648 1090 686 1147 τ
716 1056 757 1136 in
788 1085 849 1142 eo
885 1078 968 1134 non
998 1077 1079 1132 esse
1107 1046 1255 1128 articu-

313 1202 422 1300 lum,
450 1197 519 1284 sed
546 1197 655 1281 idem
683 1193 794 1304 quod
822 1207 867 1301 †
895 1193 1001 1288 dare,
1040 1186 1149 1298 quod
1177 1213 1254 1279 usu
1369 1305 1374 1312 ι

313 1340 427 1425 venit
455 1339 498 1421 in
526 1351 639 1452 τεο
668 1333 890 1448 ἀντιβολεῖν
911 1339 1080 1448 precari,
1110 1331 1255 1447 supplu-
1298 1385 1300 1390 v

314 1504 419 1574 care,
448 1477 604 1583 proprie
632 1475 719 1556 dare
746 1475 911 1572 vultum,
948 1495 1183 1555 convertere
1211 1470 1253 1552 se

314 1612 367 1696 ad
404 1611 581 1721 aliquem
619 1609 638 1727 (
650 1613 842 1726 rivolgersi
854 1667 870 1707 2
907 1595 1132 1722 ricorreru).¹
1174 1608 1255 1692 Sed

315 1747 432 1860 hujus
456 1750 534 1832 loci
563 1777 645 1830 non
666 1774 724 1833 est
752 1751 935 1834 subtilior
963 1752 1177 1836 veriverbii
1205 1779 1255 1834 ac

316 1885 508 1996 prolixior
555 1887 867 1996 interpretatio,
910 1918 1034 2001 quam
1079 1892 1256 1974 indicare

315 2045 477 2106 tantum
505 2024 619 2108 volui
647 2054 699 2109 ne
727 2029 814 2136 quis
842 2023 974 2119 ticos<
1002 2058 1122 2111 masc.
1159 2025 1255 2119 riso

317 2161 411 2246 fem.
454 2193 525 2262 ru,
565 2190 606 2249 et
649 2163 856 2258 neuwen
899 2199 965 2250 vos
1008 2167 1164 2250 derivet
1203 2166 1255 2247 ab

318 2323 409 2402 nn,
450 2305 559 2412 Μ,
589 2287 734 2403 cusi,
773 2323 882 2426 run,
923 2309 1079 2423 pust,
1122 2289 1255 2422 pusi,

319 2471 422 2552 quae
460 2441 589 2526 forent
630 2444 757 2552 potius
798 2445 850 2525 ab
890 2443 1142 2558 Aegyptiacis
1183 2443 1258 2528 du-

317 2583 465 2668 cendas
502 2611 749 2693 quamquam
778 2586 909 2667 verius
947 2609 1045 2693 puto
1074 2585 1118 2666 in
1146 2611 1257 2666 com·

317 2721 523 2829 paratione
551 2720 787 2810 suffixorum
814 2723 1050 2819 consistere,
1080 2745 1253 2830 quorum
1362 2709 1364 2714 ’

289 2861 506 2971 ,pleraque
545 2863 753 2945 communi
793 2863 843 2947 de
872 2858 982 2946 fonte
1012 2862 1170 2947 fluxisse
1210 2863 1254 2942 in

318 2996 565 3090 Hebraicum
588 3001 913 3116 Aegyptiumque
942 3031 1166 3085 sermonem
1194 3027 1259 3084 ve·

251 3123 254 3132 ’
318 3141 482 3224 risimile
510 3137 691 3252 profecto
720 3164 802 3224 est.
840 3136 920 3224 Sed
948 3148 1028 3252 jam
1058 3141 1140 3248 ipsa
1170 3165 1260 3247 pro-

149 3311 151 3329 *
242 3287 243 3290 '
318 3284 487 3367 nomina
516 3284 767 3394 subjiciamus
786 3283 914 3366 oculis
943 3310 1028 3366 tam
1050 3280 1259 3376 absoluta,

257 3419 258 3424 ‘
318 3446 361 3507 et
389 3424 501 3532 quasi
529 3444 641 3530 recto
669 3449 788 3520 casu,
817 3448 941 3530 quam
969 3418 1112 3503 suffixa
1140 3416 1261 3524 parti·
1296 3497 1298 3500 ,

319 3565 418 3647 culis
445 3563 696 3673 explentibus
726 3561 857 3644 vicem
886 3585 1051 3642 casuum
1080 3554 1262 3660 obliquo·

320 3733 432 3803 rum,
472 3705 619 3787 omisso
647 3702 814 3811 quinto,
855 3705 965 3811 cujus
991 3717 1092 3798 nota
1120 3689 1260 3798 Coptis

321 3821 485 3942 eadem,
514 3829 618 3952 qusae
647 3838 813 3924 Graecis
842 3867 889 3921 ac
904 3837 1056 3948 nobis,
1085 3855 1142 3916 est
1173 3824 1234 3920 ὠ.
