3028 4724
1122 385 1172 459 71

241 495 350 579 boies
391 493 562 580 Israelis
585 479 627 579 in
641 601 643 606 Ι
669 491 856 609 Aegypto
898 499 1142 616 succreverit
1163 553 1177 592 ,
1203 465 1206 472 ¹

17 649 20 656 '
119 653 122 661 '
240 636 309 716 ubi
337 635 478 718 tandiu
507 637 672 750 linguam
700 665 810 750 quam
838 665 912 715 non
933 663 1084 718 noverat
1109 665 1179 734 aro„

240 770 359 870 divit,
396 774 606 857 verisimile
644 775 812 856 omnino
852 797 910 857 est
944 775 1038 858 inde
1081 803 1177 858 cum

241 910 369 994 ceteri
397 913 541 1022 praedi
568 941 686 996 voces
715 915 838 996 etiam
879 911 1035 1021 aliquot
1063 937 1178 994 extu·

231 1049 363 1148 iisse,
403 1043 623 1161 cujusmodi
666 1055 840 1136 arbitror
876 1066 966 1144 ’Diu
1006 1081 1047 1138 et
1082 1073 1178 1154 stet,

242 1217 339 1298 quas
366 1189 514 1274 Arabes
542 1199 729 1307 ignorant
757 1221 806 1276 ac
834 1189 946 1300 Syri.
976 1189 1179 1303 Verisimi-v

242 1332 280 1414 le
308 1335 406 1416 item
434 1337 685 1444 econtrario
714 1335 916 1446 quaedam
931 1363 1023 1418 esse
1059 1363 1181 1421 voca-2

243 1471 339 1557 bula
392 1502 444 1558 ex
493 1474 665 1588 finitimo
716 1475 883 1562 Oriente
932 1482 1180 1563 commerciis

241 1605 513 1729 frequentibus
551 1619 593 1700 in
630 1614 867 1732 Aegyptum
904 1621 1090 1719 invecta,
1132 1641 1180 1704 ut

244 1766 413 1855 eumn,
434 1765 611 1855 erosis,
641 1765 875 1856 reuoca,
905 1789 1060 1847 nrum..

187 1967 191 1974 .
252 1937 258 1949 ·1
327 1894 467 2002 Quare
488 1925 615 2004 pauca
636 1898 760 1982 modo
785 1879 981 2006 superesse
1010 1897 1181 1980 arbitror

242 2033 411 2144 vestigia
438 2037 726 2143 conjunctionis
755 2036 920 2146 alicujus
957 2039 1069 2147 quasi
1097 2038 1184 2120 avi-

244 2193 310 2256 tae
339 2173 382 2254 in
410 2174 539 2257 verbis
576 2202 662 2276 non
689 2176 896 2275 assumtis,
934 2174 1000 2257 sed
1030 2173 1184 2288 ingeni-⁴

245 2313 294 2394 tis
335 2314 490 2422 utrique
519 2314 705 2430 linguae,
744 2310 896 2398 Israelis
937 2335 979 2395 et
1008 2307 1184 2395 Pharao-

245 2469 371 2534 num.
408 2449 552 2536 Fateor
580 2457 690 2536 enirn
730 2463 927 2563 superesse
944 2455 1186 2566 quaedam»

246 2621 321 2676 nec
361 2592 491 2677 videri
533 2593 636 2676 mihi
678 2613 691 2684 ι
730 2624 807 2694 er,
859 2600 1188 2708 conjunctionem

246 2730 556 2838 crebramadeo
598 2732 652 2812 in*
670 2731 849 2814 dialectis
888 2735 1075 2816 omnibus
1103 2723 1198 2816 He·¹

246 2869 403 2951 braicae
452 2867 635 2950 affinibus
678 2890 884 2975 acceptam
935 2864 1187 2954 referendam

247 2995 435 3120 Aegypto
463 3029 562 3105 esse,
591 3031 722 3115 neque
753 3007 1011 3120 peregrinum
1040 3011 1082 3090 in
1110 3005 1189 3094 Ae·
1249 3087 1250 3090 ι

248 3171 375 3262 gypto
402 3145 647 3230 habendum*
665 3178 820 3261 octog,
858 3153 967 3259 cujus
996 3154 1188 3264 conjuga-

249 3313 338 3375 tum
379 3287 550 3373 verbum
592 3318 725 3400 ouag
761 3287 926 3420 addere,
962 3288 1162 3403 aeljungere
1171 3343 1189 3382 ,

242 3458 395 3548 pergere
436 3445 586 3556 epum,
629 3457 724 3512 curn
764 3413 905 3512 tritum
946 3431 1074 3542 ipsum
1111 3431 1189 3526 sit,

249 3594 339 3674 turn
380 3569 517 3652 multis
562 3573 730 3655 vocibus
775 3572 1063 3681 componendis
1112 3568 1190 3654 frc-

248 3733 490 3821 quentetur.
535 3705 587 3793 Et
616 3715 739 3796 etiam
768 3715 896 3828 magis
924 3733 1095 3798 movent
1123 3720 1193 3796 me

251 3875 372 3940 notae
409 3881 670 3962 personarum
707 3849 954 3966 suffigendae
997 3850 1190 3946 vocibus,
