3022 4724
1156 429 1205 504 41

275 545 365 627 satis
402 541 680 652 responderet.
716 538 889 623 Additae
931 541 1052 653 igitur
1080 536 1215 651 Acgy—
1294 559 1296 566 ’

275 683 382 789 ptiae
409 709 503 779 sex,
543 707 770 790 quaecum
808 679 1075 764 novendecim
1114 679 1216 760 reli-

277 819 364 926 quis
384 817 450 902 .de
479 814 642 900 Graecis
682 818 1030 929 vigintiquatuor
1071 815 1216 899 demtis

278 955 454 1063 quinque
498 953 703 1037 inutilibus
741 952 965 1067 Aegyptiae
1007 948 1217 1066 Linguae,

202 1179 204 1182 ,
277 1089 395 1202 hujus
423 1092 631 1174 literarum
669 1090 836 1200 explent
864 1119 1066 1173 summam
1102 1092 1218 1200 quin·

277 1253 356 1333 que
400 1250 442 1311 et
483 1231 647 1340 viginti,
692 1251 791 1336 quot
831 1225 1068 1312 Plutarchus
1111 1227 1217 1311 hanc

279 1361 461 1448 habuisse
490 1388 656 1448 testatur
685 1359 776 1479 (a).
815 1362 893 1449 Sed
937 1395 1031 1448 curn
1061 1362 1218 1450 Graeca

278 1505 479 1591 vocabula
509 1535 533 1589 a
562 1504 700 1616 Coptis
730 1532 914 1617 usurpata
943 1535 1006 1592 eas
1043 1510 1221 1618 quinque
1262 1549 1263 1552 Ν

281 1646 415 1729 literas
444 1644 647 1746 habeant,
679 1675 783 1756 quae
812 1648 864 1730 ab
892 1650 1097 1763 Aegyptiis
1124 1677 1222 1732 exu-

282 1783 392 1883 lant,
421 1786 588 1869 eaedem
615 1793 700 1896 jure
729 1787 884 1896 optimo
915 1788 1052 1871 locum
1081 1791 1123 1870 in
1151 1787 1222 1869 Al·

282 1924 459 2035 phabeto
494 1922 666 2035 Coptico
706 1930 978 2020 retinuerunt.
1021 1924 1072 2011 ln·
1108 1927 1221 2038 quod
1297 2030 1300 2037 Ι

283 2065 486 2174 praeterea
514 2094 608 2148 cum
629 2063 839 2148 inductum
861 2068 910 2148 sit
938 2067 1222 2174 compendium

219 2279 234 2313 ‚
285 2206 492 2288 literarum
522 2230 582 2304 τι,
611 2207 787 2314 itemque
810 2201 1016 2288 Graecum
1043 2199 1221 2320 itionum

69 2363 73 2370 ’
196 2329 232 2401 ⁶
278 2340 392 2456 βαΰ,
425 2341 672 2428 characteres
701 2339 859 2451 Coptici
886 2339 1102 2450 Alphabeti
1129 2367 1225 2424 eva-

285 2506 420 2567 serunt
448 2483 611 2597 triginta
640 2481 743 2581 dun,
771 2511 871 2591 quos
899 2481 1054 2566 tradere
1083 2507 1223 2594 aggre-

284 2625 392 2724 dior,
421 2648 462 2707 et
489 2648 683 2734 quatenus
712 2622 873 2736 legendi
902 2651 993 2705 usus
1021 2619 1220 2733 postulat,

287 2761 503 2846 illustrare.

222 3033 232 3143 l

237 3178 257 3290 l

302 3399 1220 3426 ...-.........-....-...-.....-----

281 3553 287 3560 Ι
350 3479 401 3563 (a)
421 3484 471 3542 De
499 3482 574 3542 Iside
603 3495 633 3540 tt
665 3479 738 3537 Osir.
760 3472 820 3554 5⁶²
855 3459 947 3539 llotei
974 3461 1012 3536 δέ
1037 3463 1229 3562 τετράγωνον

292 3584 311 3668 ti
329 3585 446 3660 ntttdt
465 3581 521 3678 ἐφ’
532 3581 665 3667 ἑαυτῆς,
694 3576 760 3654 ὅσον
781 3577 840 3651 τῶν
860 3571 1052 3680 γραμμάτων
1074 3568 1229 3671 παρἈί·

291 3689 434 3780 uuttlt'ott
461 3691 499 3764 to*
528 3689 659 3776 πλῆθός
679 3686 765 3760 ἔστι.
799 3687 995 3770 Quadratum
1016 3687 1150 3770 quinarii
1170 3703 1229 3745 nu-

294 3806 372 3865 meri
391 3820 458 3872 esse
488 3804 603 3884 viginti
624 3804 766 3885 quinque
785 3798 839 3862 vel
860 3792 1012 3859 tirunculi
1042 3795 1075 3852 in
1095 3789 1230 3852 Mathesi

294 3921 429 3969 norunt.
