3022 4724
365 522 532 634 Optime
569 545 706 607 autem
735 511 903 631 Coptica
942 410 1220 632 proferuntuiz

280 663 370 748 mei
397 667 558 774 quidem
587 664 800 762 sententii,
829 688 875 746 ut
903 693 1010 746 nunc
1040 693 1063 746 a
1094 660 1221 747 Grae·

279 807 359 902 cis,
390 831 514 914 utque
552 805 698 888 docent
736 805 936 912 appositae
966 797 1132 884 Latinae
1171 801 1222 883 li-

279 923 457 1025 terae'in
487 935 707 1051 alphabeto
736 967 896 1041 nostro,
933 950 1030 1050 qua's
1058 942 1219 1025 easdem

278 1075 428 1161 Tukius
447 1079 578 1163 ¹habet
607 1085 645 1163 in
677 1111 770 1180 suo,
800 1082 878 1164 uni
900 1081 1086 1192 excepti,
1113 1109 1218 1192 quae

278 1216 491 1326 respondet
522 1195 661 1336 τῷηὲ,
701 1221 765 1300 cui
795 1216 947 1303 Tukius
976 1223 1218 1330 apponite,

277 1362 387 1470 quod
416 1361 537 1443 etiam
579 1357 814 1456 Kircherus‚
852 1363 920 1469 qui
950 1383 1086 1443 tamen
1127 1389 1218 1475 pag.

273 1501 360 1592 ‚286
391 1499 673 1610 proferendum
706 1521 844 1582 monet
875 1500 1093 1610 aliquando
1129 1494 1219 1584 ut‘i

277 1664 317 1720 et
338 1672 398 1751 y.
438 1637 577 1742 Quare
609 1639 721 1749 quod
751 1641 955 1722 interdum
984 1669 1122 1724 revera
1150 1672 1218 1725 oc·

275 1782 396 1863 currit
436 1817 468 1870 v
509 1809 582 1888 pro
610 1811 657 1877 e,
700 1780 742 1864 id
778 1807 855 1892 ego
894 1781 1040 1860 vitium
1080 1802 1217 1861 ortum

273 1940 375 2026 puto
417 1945 467 2000 ex
510 1918 774 2030 ambiguitate
829 1917 1035 2000 vocalium
1077 1915 1217 2001 Arabi-

275 2083 448 2161 carum‘3
492 2085 620 2168 neque
665 2059 947 2169 auctoritatem
977 2052 1215 2169 ³Coptorum

274 2199 441 2307 suscipio
479 2198 528 2282 de
558 2225 657 2280 sono
698 2197 863 2296 literae,
900 2190 1004 2306 quae
1040 2198 1217 2279 elemen—
1251 2191 1257 2201 “

273 2355 361 2415 tum
403 2333 648 2450 Aegyptium
693 2360 775 2416 non
817 2338 899 2434 sit,
941 2334 1009 2418 sed
1052 2357 1214 2416 tantum

272 2471 498 2574 Graecum,
527 2477 750 2585 cujusmodi
779 2497 836 2556 est
864 2510 896 2563 a*
926 2474 1093 2556 vocale.
1122 2469 1213 2554 Ele·

271 2637 457 2696 mentum
498 2611 721 2729 Aegyptiae
763 2603 872 2696 iocis
914 2638 1000 2696 erat
1037 2610 1213 2726 ejusdem

270 2731 439 2834 natuiae
467 2775 508 2834 et
537 2757 623 2836 soni
651 2785 745 2838 cum
776 2751 964 2838 Hebraeo
1004 2757 1071 2838 vel
1101 2753 1210 2839 Ara·-

274 2965 1199 3000 ------.........-.....,.........

270 3039 336 3121 Qui
356 3043 382 3101 si
403 3043 587 3108 Demetrius
607 3062 688 3110 esset
708 3046 892 3123 Phalereus,
913 3063 951 3111 ut
967 3046 1053 3140 frons
1068 3047 1141 3114 libri
1156 3051 1211 3112 ha-

270 3143 347 3224 het,
366 3148 492 3211 vocales
513 3151 647 3214 Graecas
667 3159 700 3216 in
721 3155 820 3216 Sacris
837 3157 1040 3240 Aegyptiacis
1061 3152 1116 3217 diu
1137 3169 1210 3218 ante

272 3255 436 3319 Christum
460 3272 620 3342 usurpatas
647 3279 709 3321 non
729 3257 854 3336 videri,
884 3258 940 3323 sed
968 3279 1035 3322 esse
1063 3257 1210 3334 dixissem

268 3361 441 3428 affirmate.
469 3366 621 3429 Ceterum
648 3366 725 3430 haec
753 3383 900 3430 annotare
931 3369 1030 3429 visum
1051 3380 1097 3428 est
1118 3366 1210 3428 utilia

266 3469 412 3552 pluribus
433 3470 666 3556 intelligendis,
686 3493 767 3560 quae
788 3471 1038 3536 animadvertis
1059 3477 1138 3535 viris
1152 3470 1210 3536 do-

265 3579 324 3637 ctis
344 3589 464 3639 tentata
484 3582 592 3662 potius
613 3598 705 3666 quam
726 3579 899 3666 explicata.
929 3579 1012 3644 Vide
1032 3579 1100 3660 ioca
1122 3578 1208 3666 apud

266 3678 479 3744 Jablonskium
500 3687 532 3744 in
554 3687 660 3744 Pasti.
680 3687 807 3766 Aegypt.
835 3688 993 3766 Prolegom.
1021 3703 1092 3769 pag.
1114 3701 1153 3742 ιν
1176 3696 1209 3746 et
1304 3762 1307 3767 Ι

265 3801 353 3868 sequ.
373 3800 406 3848 et
426 3783 537 3852 confer
557 3793 653 3852 etiam
673 3789 714 3852 D.
735 3791 898 3856 Irenaeum
919 3789 974 3854 lib.
995 3791 1009 3854 1
1031 3811 1097 3877 cap.
1111 3813 1132 3854 x
1152 3811 1212 3855 ex·-

265 3900 366 3953 tremo
378 3929 387 3948 .

1081 3982 1101 4048 f
