<?xml version="1.0" encoding="UTF-8"?>
<!DOCTYPE html PUBLIC "-//W3C//DTD XHTML 1.0 Transitional//EN"
    "http://www.w3.org/TR/xhtml1/DTD/xhtml1-transitional.dtd">
<html xmlns="http://www.w3.org/1999/xhtml" xml:lang="en" lang="en">
 <head>
  <title>
</title>
<meta http-equiv="Content-Type" content="text/html;charset=utf-8" />
  <meta name='ocr-system' content='tesseract 3.04.00' />
  <meta name='ocr-capabilities' content='ocr_page ocr_carea ocr_par ocr_line ocrx_word'/>
</head>
<body>
  <div class='ocr_page' id='page_1' title='image "./didymitaurinens00calugoog_0057.png"; bbox 0 0 3022 4724; ppageno 0'>
   <div class='ocr_carea' id='block_1_1' title="bbox 175 370 1299 2964">
    <p class='ocr_par' dir='ltr' id='par_1_1' title="bbox 175 370 1299 2964">
     <span class='ocr_line' id='line_1_1' title="bbox 284 370 334 446; baseline 0 -22"><span class='ocrx_word' id='word_1_1' title='bbox 284 370 334 446; x_wconf 85' lang='lat'>42</span> 
     </span>
     <span class='ocr_line' id='line_1_2' title="bbox 367 465 1225 587; baseline 0.005 -27"><span class='ocrx_word' id='word_1_2' title='bbox 367 465 550 564; x_wconf 86' lang='lat' dir='ltr'>Nomina</span> <span class='ocrx_word' id='word_1_3' title='bbox 561 499 610 563; x_wconf 85' lang='lat' dir='ltr'>ex</span> <span class='ocrx_word' id='word_1_4' title='bbox 625 473 760 561; x_wconf 81' lang='lat' dir='ltr'>Tu&#39;lri&#39;o</span> <span class='ocrx_word' id='word_1_5' title='bbox 777 478 981 587; x_wconf 85' lang='lat' dir='ltr'><strong>descripsi.</strong></span> <span class='ocrx_word' id='word_1_6' title='bbox 1010 477 1225 577; x_wconf 73' lang='lat' dir='ltr'>Kireher&#39;us</span> 
     </span>
     <span class='ocr_line' id='line_1_3' title="bbox 282 613 1224 720; baseline 0.008 -18"><span class='ocrx_word' id='word_1_7' title='bbox 282 622 324 702; x_wconf 86' lang='lat' dir='ltr'>in</span> <span class='ocrx_word' id='word_1_8' title='bbox 346 616 567 703; x_wconf 87' lang='lat' dir='ltr'>Prodromo</span> <span class='ocrx_word' id='word_1_9' title='bbox 589 615 713 700; x_wconf 86' lang='lat' dir='ltr'>habet</span> <span class='ocrx_word' id='word_1_10' title='bbox 745 613 890 714; x_wconf 61' lang='lat' dir='ltr'>ntra,</span> <span class='ocrx_word' id='word_1_11' title='bbox 911 626 1103 717; x_wconf 73' lang='lat' dir='ltr'>barna,</span> <span class='ocrx_word' id='word_1_12' title='bbox 1125 625 1224 720; x_wconf 61' lang='lat' dir='ltr'>dte,</span> 
     </span>
     <span class='ocr_line' id='line_1_4' title="bbox 256 763 1225 866; baseline -0.002 -18"><span class='ocrx_word' id='word_1_13' title='bbox 256 861 257 866; x_wconf 8' lang='grc' dir='ltr'><strong><em>Ν</em></strong></span> <span class='ocrx_word' id='word_1_14' title='bbox 279 793 346 848; x_wconf 70' lang='grc' dir='ltr'>ιι</span> <span class='ocrx_word' id='word_1_15' title='bbox 362 820 374 857; x_wconf 88' lang='grc'><em>,</em></span> <span class='ocrx_word' id='word_1_16' title='bbox 391 789 583 854; x_wconf 72' lang='lat' dir='ltr'>narrata,</span> <span class='ocrx_word' id='word_1_17' title='bbox 606 770 672 863; x_wconf 80' lang='lat'>†‚</span> <span class='ocrx_word' id='word_1_18' title='bbox 690 781 762 863; x_wconf 87' lang='lat' dir='ltr'>pro</span> <span class='ocrx_word' id='word_1_19' title='bbox 779 787 906 852; x_wconf 66' lang='lat' dir='ltr'>scra,</span> <span class='ocrx_word' id='word_1_20' title='bbox 927 763 1116 853; x_wconf 69' lang='lat' dir='ltr'>barba,</span> <span class='ocrx_word' id='word_1_21' title='bbox 1138 790 1225 854; x_wconf 70' lang='lat' dir='ltr'>re,</span> 
     </span>
     <span class='ocr_line' id='line_1_5' title="bbox 283 897 1223 1005; baseline -0.011 -17"><span class='ocrx_word' id='word_1_22' title='bbox 283 930 373 994; x_wconf 79' lang='lat' dir='ltr'>atu,</span> <span class='ocrx_word' id='word_1_23' title='bbox 399 928 624 1004; x_wconf 74' lang='lat' dir='ltr'>mannia,</span> <span class='ocrx_word' id='word_1_24' title='bbox 648 911 731 1005; x_wconf 90' lang='lat' dir='ltr'>†r,</span> <span class='ocrx_word' id='word_1_25' title='bbox 752 920 792 978; x_wconf 91' lang='lat' dir='ltr'>et</span> <span class='ocrx_word' id='word_1_26' title='bbox 812 897 931 988; x_wconf 77' lang='lat' dir='ltr'>thira,</span> <span class='ocrx_word' id='word_1_27' title='bbox 955 897 1093 990; x_wconf 69' lang='lat' dir='ltr'>laudo,</span> <span class='ocrx_word' id='word_1_28' title='bbox 1115 897 1223 992; x_wconf 54' lang='lat' dir='ltr'>bah</span> 
     </span>
     <span class='ocr_line' id='line_1_6' title="bbox 283 1029 1224 1148; baseline 0.002 -32"><span class='ocrx_word' id='word_1_29' title='bbox 283 1062 354 1144; x_wconf 89' lang='lat' dir='ltr'>pro</span> <span class='ocrx_word' id='word_1_30' title='bbox 376 1035 511 1130; x_wconf 80' lang='lat' dir='ltr'>rhida,</span> <span class='ocrx_word' id='word_1_31' title='bbox 532 1035 659 1128; x_wconf 81' lang='lat' dir='ltr'>laula,</span> <span class='ocrx_word' id='word_1_32' title='bbox 673 1041 743 1148; x_wconf 77' lang='lat' dir='ltr'>pt,</span> <span class='ocrx_word' id='word_1_33' title='bbox 764 1034 830 1117; x_wconf 83' lang='lat' dir='ltr'>he.</span> <span class='ocrx_word' id='word_1_34' title='bbox 853 1029 968 1116; x_wconf 90' lang='lat' dir='ltr'>Nihil</span> <span class='ocrx_word' id='word_1_35' title='bbox 989 1034 1224 1131; x_wconf 81' lang='lat' dir='ltr'>emendavi,</span> 
     </span>
     <span class='ocr_line' id='line_1_7' title="bbox 240 1169 1225 1285; baseline -0.007 -23"><span class='ocrx_word' id='word_1_36' title='bbox 240 1261 243 1269; x_wconf 85' lang='grc'><em>,</em></span> <span class='ocrx_word' id='word_1_37' title='bbox 282 1199 328 1262; x_wconf 93' lang='lat' dir='ltr'>ut</span> <span class='ocrx_word' id='word_1_38' title='bbox 348 1203 429 1285; x_wconf 91' lang='lat' dir='ltr'>qua</span> <span class='ocrx_word' id='word_1_39' title='bbox 449 1177 602 1260; x_wconf 89' lang='lat' dir='ltr'>ratione</span> <span class='ocrx_word' id='word_1_40' title='bbox 621 1169 743 1282; x_wconf 87' lang='lat' dir='ltr'>Copti</span> <span class='ocrx_word' id='word_1_41' title='bbox 759 1169 916 1255; x_wconf 88' lang='lat' dir='ltr'>Graeca</span> <span class='ocrx_word' id='word_1_42' title='bbox 940 1172 1114 1256; x_wconf 86' lang='lat' dir='ltr'><strong>scribant</strong></span> <span class='ocrx_word' id='word_1_43' title='bbox 1136 1201 1225 1282; x_wconf 89' lang='lat' dir='ltr'>pro·</span> 
     </span>
     <span class='ocr_line' id='line_1_8' title="bbox 283 1315 1223 1428; baseline -0.004 -26"><span class='ocrx_word' id='word_1_44' title='bbox 283 1317 490 1428; x_wconf 85' lang='lat' dir='ltr'>feramque</span> <span class='ocrx_word' id='word_1_45' title='bbox 518 1318 586 1402; x_wconf 89' lang='lat' dir='ltr'>vel</span> <span class='ocrx_word' id='word_1_46' title='bbox 608 1345 658 1400; x_wconf 86' lang='lat' dir='ltr'>ex</span> <span class='ocrx_word' id='word_1_47' title='bbox 679 1315 758 1400; x_wconf 94' lang='lat' dir='ltr'>hoc</span> <span class='ocrx_word' id='word_1_48' title='bbox 781 1317 995 1425; x_wconf 86' lang='lat' dir='ltr'>specimine</span> <span class='ocrx_word' id='word_1_49' title='bbox 1016 1317 1223 1427; x_wconf 78' lang='lat' dir='ltr'>conjicias3</span> 
     </span>
     <span class='ocr_line' id='line_1_9' title="bbox 175 1454 1195 1566; baseline -0.004 -24"><span class='ocrx_word' id='word_1_50' title='bbox 175 1473 177 1478; x_wconf 83' lang='lat'>&#39;</span> <span class='ocrx_word' id='word_1_51' title='bbox 282 1487 357 1542; x_wconf 88' lang='lat' dir='ltr'>nec</span> <span class='ocrx_word' id='word_1_52' title='bbox 385 1457 730 1566; x_wconf 87' lang='lat' dir='ltr'>operaepretium</span> <span class='ocrx_word' id='word_1_53' title='bbox 758 1479 847 1538; x_wconf 87' lang='lat' dir='ltr'>erat</span> <span class='ocrx_word' id='word_1_54' title='bbox 874 1454 936 1538; x_wconf 90' lang='lat' dir='ltr'>his</span> <span class='ocrx_word' id='word_1_55' title='bbox 965 1457 1195 1538; x_wconf 84' lang='lat' dir='ltr'>immorari.</span> 
     </span>
     <span class='ocr_line' id='line_1_10' title="bbox 369 1593 1233 1708; baseline -0.003 -30"><span class='ocrx_word' id='word_1_56' title='bbox 369 1594 508 1706; x_wconf 85' lang='lat' dir='ltr'>Coptis</span> <span class='ocrx_word' id='word_1_57' title='bbox 558 1594 710 1708; x_wconf 87' lang='lat' dir='ltr'>jamdiu</span> <span class='ocrx_word' id='word_1_58' title='bbox 765 1594 981 1679; x_wconf 88' lang='lat' dir='ltr'>vernacula</span> <span class='ocrx_word' id='word_1_59' title='bbox 1034 1593 1233 1678; x_wconf 72' lang='lat' dir='ltr'>dialectus&#39;</span> 
     </span>
     <span class='ocr_line' id='line_1_11' title="bbox 282 1733 1224 1852; baseline -0.007 -27"><span class='ocrx_word' id='word_1_60' title='bbox 282 1739 483 1849; x_wconf 82' lang='lat' dir='ltr'>quaedam</span> <span class='ocrx_word' id='word_1_61' title='bbox 512 1760 576 1821; x_wconf 91' lang='lat' dir='ltr'>est·</span> <span class='ocrx_word' id='word_1_62' title='bbox 596 1733 778 1852; x_wconf 84' lang='lat' dir='ltr'>Linguae</span> <span class='ocrx_word' id='word_1_63' title='bbox 807 1735 1025 1836; x_wconf 83' lang='lat' dir='ltr'>Arabicae,</span> <span class='ocrx_word' id='word_1_64' title='bbox 1068 1739 1118 1822; x_wconf 88' lang='lat' dir='ltr'>de</span> <span class='ocrx_word' id='word_1_65' title='bbox 1146 1765 1224 1848; x_wconf 88' lang='lat' dir='ltr'>qua</span> 
     </span>
     <span class='ocr_line' id='line_1_12' title="bbox 283 1875 1224 1976; baseline -0.007 -12"><span class='ocrx_word' id='word_1_66' title='bbox 283 1879 412 1964; x_wconf 86' lang='lat' dir='ltr'>dicere</span> <span class='ocrx_word' id='word_1_67' title='bbox 442 1876 544 1962; x_wconf 88' lang='lat' dir='ltr'>nihil</span> <span class='ocrx_word' id='word_1_68' title='bbox 573 1879 745 1976; x_wconf 87' lang='lat' dir='ltr'>attinet,</span> <span class='ocrx_word' id='word_1_69' title='bbox 782 1876 855 1958; x_wconf 88' lang='lat' dir='ltr'>nisi</span> <span class='ocrx_word' id='word_1_70' title='bbox 884 1875 963 1960; x_wconf 90' lang='lat' dir='ltr'>hoc</span> <span class='ocrx_word' id='word_1_71' title='bbox 992 1904 1121 1959; x_wconf 90' lang='lat' dir='ltr'>unum</span> <span class='ocrx_word' id='word_1_72' title='bbox 1158 1903 1224 1958; x_wconf 88' lang='lat' dir='ltr'>eos</span> 
     </span>
     <span class='ocr_line' id='line_1_13' title="bbox 282 2003 1223 2125; baseline -0.001 -25"><span class='ocrx_word' id='word_1_73' title='bbox 282 2016 478 2125; x_wconf 91' lang='lat' dir='ltr'>quidquid</span> <span class='ocrx_word' id='word_1_74' title='bbox 507 2011 675 2124; x_wconf 87' lang='lat' dir='ltr'>Coptice</span> <span class='ocrx_word' id='word_1_75' title='bbox 713 2017 892 2114; x_wconf 82' lang='lat' dir='ltr'>discunt,</span> <span class='ocrx_word' id='word_1_76' title='bbox 931 2003 1223 2125; x_wconf 84' lang='lat' dir='ltr'>pronunciant,</span> 
     </span>
     <span class='ocr_line' id='line_1_14' title="bbox 282 2150 1299 2265; baseline 0.008 -32"><span class='ocrx_word' id='word_1_77' title='bbox 282 2153 463 2235; x_wconf 86' lang='lat' dir='ltr'>scribunt</span> <span class='ocrx_word' id='word_1_78' title='bbox 500 2152 552 2234; x_wconf 89' lang='lat' dir='ltr'>ad</span> <span class='ocrx_word' id='word_1_79' title='bbox 591 2150 778 2238; x_wconf 84' lang='lat' dir='ltr'>Arabicas</span> <span class='ocrx_word' id='word_1_80' title='bbox 815 2156 948 2238; x_wconf 86' lang='lat' dir='ltr'>literas</span> <span class='ocrx_word' id='word_1_81' title='bbox 988 2158 1224 2265; x_wconf 85' lang='lat' dir='ltr'>pronuncia·</span> <span class='ocrx_word' id='word_1_82' title='bbox 1286 2225 1299 2256; x_wconf 87' lang='lat'>,</span> 
     </span>
     <span class='ocr_line' id='line_1_15' title="bbox 281 2288 1223 2410; baseline 0.008 -40"><span class='ocrx_word' id='word_1_83' title='bbox 281 2289 513 2398; x_wconf 88' lang='lat' dir='ltr'>tionemque</span> <span class='ocrx_word' id='word_1_84' title='bbox 541 2288 704 2375; x_wconf 83' lang='lat' dir='ltr'>referre.</span> <span class='ocrx_word' id='word_1_85' title='bbox 735 2291 834 2377; x_wconf 89' lang='lat' dir='ltr'>Ideo</span> <span class='ocrx_word' id='word_1_86' title='bbox 862 2295 1026 2410; x_wconf 85' lang='lat' dir='ltr'>singulis</span> <span class='ocrx_word' id='word_1_87' title='bbox 1048 2293 1223 2407; x_wconf 87' lang='lat' dir='ltr'>Copticis</span> 
     </span>
     <span class='ocr_line' id='line_1_16' title="bbox 282 2427 1223 2545; baseline 0.011 -37"><span class='ocrx_word' id='word_1_88' title='bbox 282 2427 472 2512; x_wconf 86' lang='lat' dir='ltr'>Arabicas</span> <span class='ocrx_word' id='word_1_89' title='bbox 501 2432 693 2538; x_wconf 87' lang='lat' dir='ltr'>apposui,</span> <span class='ocrx_word' id='word_1_90' title='bbox 722 2433 1105 2545; x_wconf 76' lang='lat' dir='ltr'>quas-comperi&#39;ab</span> <span class='ocrx_word' id='word_1_91' title='bbox 1135 2437 1223 2541; x_wconf 88' lang='lat' dir='ltr'>ipsis</span> 
     </span>
     <span class='ocr_line' id='line_1_17' title="bbox 283 2563 1222 2683; baseline 0.009 -36"><span class='ocrx_word' id='word_1_92' title='bbox 283 2563 423 2678; x_wconf 86' lang='lat' dir='ltr'>Coptis</span> <span class='ocrx_word' id='word_1_93' title='bbox 465 2567 664 2656; x_wconf 89' lang='lat' dir='ltr'>adhibitas</span> <span class='ocrx_word' id='word_1_94' title='bbox 706 2568 881 2683; x_wconf 89' lang='lat' dir='ltr'>Copticis</span> <span class='ocrx_word' id='word_1_95' title='bbox 930 2573 1222 2683; x_wconf 85' lang='lat' dir='ltr'>exprimendis,</span> 
     </span>
     <span class='ocr_line' id='line_1_18' title="bbox 235 2701 1222 2820; baseline 0 -30"><span class='ocrx_word' id='word_1_96' title='bbox 235 2701 237 2708; x_wconf 63' lang='grc'>’</span> <span class='ocrx_word' id='word_1_97' title='bbox 285 2710 460 2817; x_wconf 86' lang='lat' dir='ltr'>exceptis</span> <span class='ocrx_word' id='word_1_98' title='bbox 480 2711 708 2810; x_wconf 87' lang='lat' dir='ltr'>vocalibus,</span> <span class='ocrx_word' id='word_1_99' title='bbox 736 2739 833 2820; x_wconf 88' lang='lat' dir='ltr'>quas</span> <span class='ocrx_word' id='word_1_100' title='bbox 854 2710 999 2794; x_wconf 90' lang='lat' dir='ltr'>Arabes</span> <span class='ocrx_word' id='word_1_101' title='bbox 1029 2739 1112 2793; x_wconf 92' lang='lat' dir='ltr'>non</span> <span class='ocrx_word' id='word_1_102' title='bbox 1132 2711 1222 2792; x_wconf 85' lang='lat' dir='ltr'>satis</span> 
     </span>
     <span class='ocr_line' id='line_1_19' title="bbox 282 2843 1219 2964; baseline -0.003 -36"><span class='ocrx_word' id='word_1_103' title='bbox 282 2843 445 2930; x_wconf 85' lang='lat' dir='ltr'>definite</span> <span class='ocrx_word' id='word_1_104' title='bbox 472 2843 709 2964; x_wconf 84' lang='lat' dir='ltr'>consignant</span> <span class='ocrx_word' id='word_1_105' title='bbox 738 2849 861 2932; x_wconf 89' lang='lat' dir='ltr'>tribus</span> <span class='ocrx_word' id='word_1_106' title='bbox 890 2846 1019 2946; x_wconf 90' lang='lat' dir='ltr'>notis,</span> <span class='ocrx_word' id='word_1_107' title='bbox 1047 2873 1219 2956; x_wconf 90' lang='lat' dir='ltr'>quarum</span> 
     </span>
    </p>
   </div>
   <div class='ocr_carea' id='block_1_2' title="bbox 39 2933 1221 3112">
    <p class='ocr_par' dir='ltr' id='par_1_2' title="bbox 39 2933 1221 3112">
     <span class='ocr_line' id='line_1_20' title="bbox 39 2933 1221 3112; baseline -0.003 -44"><span class='ocrx_word' id='word_1_108' title='bbox 39 3015 162 3071; x_wconf 49' lang='grc' dir='ltr'>ιιι.</span> <span class='ocrx_word' id='word_1_109' title='bbox 263 2986 381 3112; x_wconf 80' lang='lat' dir='ltr'>¹alal</span> <span class='ocrx_word' id='word_1_110' title='bbox 340 2933 452 3112; x_wconf 44' lang='lat' dir='ltr'>alho-</span> <span class='ocrx_word' id='word_1_111' title='bbox 455 2983 617 3069; x_wconf 89' lang='lat' dir='ltr'>effertur</span> <span class='ocrx_word' id='word_1_112' title='bbox 645 2989 768 3078; x_wconf 88' lang='lat' dir='ltr'>modo</span> <span class='ocrx_word' id='word_1_113' title='bbox 790 3018 834 3085; x_wconf 88' lang='lat' dir='ltr'>a,</span> <span class='ocrx_word' id='word_1_114' title='bbox 865 2985 988 3070; x_wconf 91' lang='lat' dir='ltr'>modo</span> <span class='ocrx_word' id='word_1_115' title='bbox 1010 3017 1051 3084; x_wconf 89' lang='lat' dir='ltr'>e,</span> <span class='ocrx_word' id='word_1_116' title='bbox 1079 2986 1221 3066; x_wconf 78' lang='lat' dir='ltr'>alkesro</span> 
     </span>
    </p>
   </div>
   <div class='ocr_carea' id='block_1_3' title="bbox 201 3128 1289 3932">
    <p class='ocr_par' dir='ltr' id='par_1_3' title="bbox 201 3128 1289 3932">
     <span class='ocr_line' id='line_1_21' title="bbox 280 3128 1222 3240; baseline -0.007 -30"><span class='ocrx_word' id='word_1_117' title='bbox 280 3134 449 3225; x_wconf 86' lang='lat' dir='ltr'>cume,</span> <span class='ocrx_word' id='word_1_118' title='bbox 479 3134 633 3224; x_wconf 86' lang='lat' dir='ltr'>tumi,</span> <span class='ocrx_word' id='word_1_119' title='bbox 661 3128 885 3210; x_wconf 83' lang='lat' dir='ltr'>addharrro</span> <span class='ocrx_word' id='word_1_120' title='bbox 873 3156 1031 3240; x_wconf 75' lang='lat' dir='ltr'>Jamo,</span> <span class='ocrx_word' id='word_1_121' title='bbox 1061 3133 1143 3237; x_wconf 86' lang='lat' dir='ltr'>jam</span> <span class='ocrx_word' id='word_1_122' title='bbox 1173 3131 1222 3204; x_wconf 89' lang='grc' dir='ltr'>ιι.</span> 
     </span>
     <span class='ocr_line' id='line_1_22' title="bbox 283 3247 1223 3378; baseline 0.002 -36"><span class='ocrx_word' id='word_1_123' title='bbox 283 3257 391 3344; x_wconf 88' lang='lat' dir='ltr'>Hinc</span> <span class='ocrx_word' id='word_1_124' title='bbox 422 3277 478 3361; x_wconf 84' lang='lat' dir='ltr'>a,</span> <span class='ocrx_word' id='word_1_125' title='bbox 507 3247 571 3362; x_wconf 79' lang='grc' dir='ltr'>αι,</span> <span class='ocrx_word' id='word_1_126' title='bbox 602 3293 620 3351; x_wconf 88' lang='grc' dir='ltr'><strong><em>ε</em></strong></span> <span class='ocrx_word' id='word_1_127' title='bbox 659 3264 809 3347; x_wconf 86' lang='lat' dir='ltr'>relatae</span> <span class='ocrx_word' id='word_1_128' title='bbox 837 3265 890 3348; x_wconf 88' lang='lat' dir='ltr'>ad</span> <span class='ocrx_word' id='word_1_129' title='bbox 920 3261 1068 3378; x_wconf 80' lang='lat' dir='ltr'>alstrtha</span> <span class='ocrx_word' id='word_1_130' title='bbox 1095 3262 1223 3347; x_wconf 90' lang='lat' dir='ltr'>ambi-</span> 
     </span>
     <span class='ocr_line' id='line_1_23' title="bbox 280 3399 1220 3515; baseline 0.003 -30"><span class='ocrx_word' id='word_1_131' title='bbox 280 3405 352 3515; x_wconf 87' lang='lat' dir='ltr'>gui</span> <span class='ocrx_word' id='word_1_132' title='bbox 380 3404 466 3484; x_wconf 87' lang='lat' dir='ltr'>soni</span> <span class='ocrx_word' id='word_1_133' title='bbox 508 3402 687 3486; x_wconf 87' lang='lat' dir='ltr'>evadunt</span> <span class='ocrx_word' id='word_1_134' title='bbox 731 3405 890 3485; x_wconf 82' lang='lat' dir='ltr'>intera</span> <span class='ocrx_word' id='word_1_135' title='bbox 930 3425 971 3485; x_wconf 92' lang='lat' dir='ltr'>et</span> <span class='ocrx_word' id='word_1_136' title='bbox 1000 3434 1046 3506; x_wconf 70' lang='lat' dir='ltr'>e,</span> <span class='ocrx_word' id='word_1_137' title='bbox 1085 3430 1131 3500; x_wconf 83' lang='grc' dir='ltr'>ε,</span> <span class='ocrx_word' id='word_1_138' title='bbox 1158 3399 1220 3498; x_wconf 74' lang='grc' dir='ltr'>ἐι,</span> 
     </span>
     <span class='ocr_line' id='line_1_24' title="bbox 281 3525 1221 3655; baseline -0.014 -27"><span class='ocrx_word' id='word_1_139' title='bbox 281 3571 372 3655; x_wconf 60' lang='lat' dir='ltr'>tri,</span> <span class='ocrx_word' id='word_1_140' title='bbox 411 3571 476 3639; x_wconf 82' lang='lat' dir='ltr'>or,</span> <span class='ocrx_word' id='word_1_141' title='bbox 520 3571 544 3627; x_wconf 89' lang='grc' dir='ltr'><strong><em>υ</em></strong></span> <span class='ocrx_word' id='word_1_142' title='bbox 586 3525 734 3622; x_wconf 86' lang='lat' dir='ltr'>relatae</span> <span class='ocrx_word' id='word_1_143' title='bbox 776 3539 830 3623; x_wconf 91' lang='lat' dir='ltr'>ad</span> <span class='ocrx_word' id='word_1_144' title='bbox 857 3539 1003 3621; x_wconf 73' lang='lat' dir='ltr'>alkesra</span> <span class='ocrx_word' id='word_1_145' title='bbox 1040 3535 1221 3650; x_wconf 86' lang='lat' dir='ltr'>ambigui</span> 
     </span>
     <span class='ocr_line' id='line_1_25' title="bbox 201 3676 1221 3782; baseline -0.005 -22"><span class='ocrx_word' id='word_1_146' title='bbox 201 3707 204 3712; x_wconf 44' lang='lat'><em>¹</em></span> <span class='ocrx_word' id='word_1_147' title='bbox 281 3680 387 3762; x_wconf 88' lang='lat' dir='ltr'>inter</span> <span class='ocrx_word' id='word_1_148' title='bbox 414 3710 435 3762; x_wconf 89' lang='lat' dir='ltr'>e</span> <span class='ocrx_word' id='word_1_149' title='bbox 463 3701 504 3762; x_wconf 93' lang='lat' dir='ltr'>et</span> <span class='ocrx_word' id='word_1_150' title='bbox 532 3687 574 3782; x_wconf 78' lang='lat' dir='ltr'>i3</span> <span class='ocrx_word' id='word_1_151' title='bbox 614 3709 664 3779; x_wconf 90' lang='lat' dir='ltr'>o,</span> <span class='ocrx_word' id='word_1_152' title='bbox 693 3709 770 3776; x_wconf 86' lang='lat' dir='ltr'>ov,</span> <span class='ocrx_word' id='word_1_153' title='bbox 800 3711 831 3766; x_wconf 89' lang='grc' dir='ltr'>ω</span> <span class='ocrx_word' id='word_1_154' title='bbox 873 3677 1019 3776; x_wconf 86' lang='lat' dir='ltr'>relatae</span> <span class='ocrx_word' id='word_1_155' title='bbox 1060 3676 1112 3760; x_wconf 92' lang='lat' dir='ltr'>ad</span> <span class='ocrx_word' id='word_1_156' title='bbox 1143 3677 1221 3756; x_wconf 83' lang='lat' dir='ltr'>ad-</span> 
     </span>
     <span class='ocr_line' id='line_1_26' title="bbox 280 3811 1289 3932; baseline -0.001 -36"><span class='ocrx_word' id='word_1_157' title='bbox 280 3819 454 3899; x_wconf 78' lang='lat' dir='ltr'>dhamma</span> <span class='ocrx_word' id='word_1_158' title='bbox 493 3819 671 3932; x_wconf 87' lang='lat' dir='ltr'>ambigui</span> <span class='ocrx_word' id='word_1_159' title='bbox 711 3819 813 3899; x_wconf 89' lang='lat' dir='ltr'>inter</span> <span class='ocrx_word' id='word_1_160' title='bbox 853 3847 876 3896; x_wconf 91' lang='lat' dir='ltr'><em>o</em></span> <span class='ocrx_word' id='word_1_161' title='bbox 917 3840 956 3899; x_wconf 92' lang='lat' dir='ltr'>et</span> <span class='ocrx_word' id='word_1_162' title='bbox 985 3849 1008 3896; x_wconf 91' lang='grc' dir='ltr'>ιι</span> <span class='ocrx_word' id='word_1_163' title='bbox 1023 3877 1048 3899; x_wconf 79' lang='grc'>.,</span> <span class='ocrx_word' id='word_1_164' title='bbox 1077 3811 1219 3924; x_wconf 88' lang='lat' dir='ltr'>Neque</span> <span class='ocrx_word' id='word_1_165' title='bbox 1287 3859 1289 3864; x_wconf 94' lang='lat'>·</span> 
     </span>
    </p>
   </div>
   <div class='ocr_carea' id='block_1_4' title="bbox 0 0 1516 4724">
    <p class='ocr_par' dir='ltr' id='par_1_4' title="bbox 0 0 1516 4724">
     <span class='ocr_line' id='line_1_27' title="bbox 0 0 1516 4724; baseline 0 1"><span class='ocrx_word' id='word_1_166' title='bbox 0 0 1516 4724; x_wconf 95' lang='lat' dir='ltr'> </span> 
     </span>
    </p>
   </div>
  </div>
 </body>
</html>
