3022 4724
342 327 399 428 16

336 525 425 584 non
457 489 587 582 ausim
621 509 781 612 patrem
817 477 1131 572 Monachorum
1171 478 1276 571 An·-

335 642 501 738 tonium
532 639 708 732 eandem
741 637 851 729 hane
883 635 1128 726 versavisse‘
1148 666 1274 763 manu

334 801 725 928 interpretationem
769 790 1122 919 Memphiticam,
1153 795 1274 920 cnjus
1342 851 1359 884 ,-

333 955 539 1046 habentus
570 952 650 1079 jam
678 953 796 1081 typis
825 982 1045 1075 expressos
1066 950 1114 1066 Ψ
1137 947 1273 1040 libros
1345 977 1347 980 ·

335 1108 458 1202 Novi
479 1104 682 1199 Foederis
703 1136 873 1211 omnes,
904 1135 953 1194 ac
974 1097 1145 1194 Veteris
1165 1099 1274 1192 Pen-

332 1377 373 1423 tr
401 1359 443 1444 6)
464 1360 595 1445 Coptica
615 1359 785 1442 Evangelia
804 1355 844 1421 ad
864 1359 990 1423 Eusebii
1010 1377 1143 1422 canones
1162 1355 1273 1421 distin·

330 1476 381 1524 cta
401 1482 487 1540 esse,
515 1479 549 1528 et
576 1468 610 1526 in
630 1465 776 1549 Epistolis
806 1459 938 1550 στίχους
969 1469 1153 1542 numerari,
1184 1463 1270 1551 quod

302 1557 305 1562 ’
331 1565 470 1632 seculum
491 1585 512 1626 v
534 1567 678 1648 redolet,
709 1567 743 1632 id
765 1566 847 1632 bont
876 1588 948 1634 cunr
969 1567 1061 1634 venii
1092 1575 1271 1636 criticorum

330 1667 425 1744 facile
456 1675 626 1758 principis3
656 1674 763 1761 plane¹
782 1669 861 1738 nihil
893 1689 962 1740 est.
993 1679 1073 1742 Cum
1097 1667 1181 1742 enim
1210 1700 1276 1760 nou¹

334 1778 447 1859 quinto
459 1774 574 1854 modo,
594 1775 650 1842 sed
669 1783 803 1866 septimo
824 1777 929 1844 adhuc
949 1782 1052 1846 seculo
1063 1779 1272 1848 Alexandriae
1328 1791 1333 1796 ’

331 1878 384 1940 vel
405 1879 517 1962 vulgus
537 1883 659 1948 Graece
680 1889 796 1963 sciret,
818 1907 922 1974 neque
943 1889 1010 1952 toti
1030 1893 1180 1978 Aegypto
1196 1912 1272 1970 eru-

331 1981 413 2048 ditio
435 1983 499 2048 ullr
519 1993 673 2054 emineret
706 1997 764 2054 nisi
786 1993 926 2072 Graeca,
954 2001 1065 2060 mirurn
1088 2016 1161 2059 sane
1188 1994 1272 2061 foret

334 2098 361 2156 si
382 2115 457 2180 quas
478 2094 696 2161 distinctiones
717 2097 819 2164 divini
840 2099 965 2166 Codicis
984 2103 1100 2165 utilitas
1119 2106 1270 2186 persuasit

329 2203 392 2260 toti
413 2201 587 2278 Graeciae,
607 2222 659 2271 eas
678 2204 843 2289 Aegyptus
863 2223 934 2267 cunr
954 2209 1178 2292 ignorare‘noir
1199 2225 1271 2290 pos·

229 2357 230 2362 ,
330 2320 410 2382 set,
442 2309 629 2392 neglexisset
656 2327 763 2374 tamen
794 2311 949 2377 obstinate
979 2318 1012 2376 in
1044 2312 1270 2390 versionibus,

216 2447 218 2450 -
283 2485 286 2492 ¹
330 2431 408 2497 quas
426 2417 567 2500 antiquas
587 2414 736 2480 haberet.
765 2420 863 2500 Quasi
883 2441 961 2485 vero
989 2441 1051 2486 non
1071 2425 1111 2486 sit
1131 2434 1267 2486 ¹conterr-

330 2534 401 2598 tus,
421 2543 515 2606 quern
536 2525 650 2589 Graeci
672 2521 868 2606 diviserunt,
888 2535 1065 2617 antiquior.

389 2628 437 2721 (ι)
457 2631 637 2697 Adscribartt
657 2634 915 2723 titulosrii'orum
938 2645 1147 2705 Testamentum
1167 2642 1268 2723 Aegy⁴

325 2741 441 2816 prium,
460 2745 545 2822 vulgo
568 2748 797 2824 coptiten-'Ex
818 2751 893 2807 Mss.
913 2750 1082 2830 Bodleianis
1102 2753 1268 2826 descripsit,

197 2843 200 2850 ’
249 2863 253 2872 ·
328 2864 389 2902 cum
413 2845 557 2907 Vaticanis
578 2864 606 2908 et
626 2851 829 2912 Parisie'rrsibrts
855 2855 997 2922 contulit,
1022 2872 1051 2916 et
1079 2860 1109 2918 in
1132 2859 1267 2930 Latinum

329 2969 480 3010 sermonem
500 2958 638 3032 conuertit
658 2959 758 3020 David
779 2961 904 3023 Wilkirrs
924 2965 1066 3026 Ecclesiae
1086 2965 1268 3046 Anglieaaae

329 3059 498 3141 Presbyter·
536 3061 643 3126 Orionii
664 3079 741 3130 1716
762 3048 873 3140 in-4.0
917 3075 1045 3152 Quinque
1063 3077 1128 3137 libri
1149 3080 1267 3159 Moysis

328 3163 487 3241 Prophetae
507 3171 536 3228 irr
555 3171 655 3250 linguei
675 3173 837 3257 Aegyptii·
858 3181 907 3241 Ex
927 3183 1001 3243 Mss.
1026 3185 1188 3255 Vaticano,
1210 3189 1268 3248 Pa·

326 3273 453 3340 risioni,
474 3291 503 3332 et
521 3275 683 3360 Bodleiano
703 3284 846 3364 descripsit
877 3304 911 3348 ac
931 3269 1036 3351 latire
1053 3293 1139 3350 vertit
1164 3291 1266 3354 Davta

291 3401 294 3408 ·
329 3375 452 3437 Wilkr'rts
472 3377 504 3438 S·
525 3381 559 3438 T.
580 3383 616 3441 P.
637 3386 761 3449 londini
782 3413 876 3462 1⁷31·
897 3391 1005 3464 in-40
1037 3393 1177 3457 Psalterii
1199 3393 1266 3459 edi·

240 3565 242 3570 Ι
326 3482 373 3542 tio
392 3483 491 3565 prima
524 3501 595 3548 eunt
615 3490 873 3576 interpretatione
894 3493 1002 3558 Latini
1032 3513 1080 3563 est
1100 3481 1264 3564 Theodori
1298 3509 1300 3512 ’

326 3579 470 3670 Petraei,
491 3592 593 3680 Lugd·
613 3597 720 3670 Batav.
741 3618 768 3661 a·
790 3599 865 3680 1663
887 3585 996 3675 in-'4.0·
1026 3603 1098 3666 Sine
1118 3607 1264 3668 versione

326 3694 437 3764 Latini
456 3701 576 3786 prodiit
596 3709 681 3790 typis
699 3707 728 3770 S.
748 3707 782 3770 C.
803 3704 845 3771 de
864 3709 992 3796 Propag.
1005 3708 1083 3773 Fide
1094 3715 1265 3773 Psalterium

326 3804 550 3871 Alexandrinum
575 3813 849 3888 Copto-Arabicum.
868 3818 978 3878 Romae
997 3838 1026 3878 a·
1046 3835 1124 3896 1749
1144 3813 1253 3889 ἰπὶ-φῦ
1283 3890 1286 3897 ,
