3022 4724
318 356 377 422 22

310 521 384 582 reo
424 484 632 580 Thomam
678 447 953 598 Eduardum,
999 488 1249 584 Eduardum

311 640 606 753 Bernardum,
648 637 674 736 J
678 675 720 731 οε
754 639 1023 735 Michaelem·
1046 641 1253 739 Wanslo-

309 793 420 903 ben,
443 791 710 907 Relundum,
732 791 1104 924 Chamberlayne,
1123 793 1256 889 Pfeif-

297 946 447 1041 ,ferum
477 1015 491 1062 ,
539 932 902 1061 Renaudotium,
954 946 1254 1063 Henselium,

311 1101 550 1216 Ortelium,
583 1129 712 1230 atque
738 1102 844 1194 alios
866 1105 1131 1230 complures,
1161 1111 1255 1234 qui-
1376 1129 1377 1132 ‘

310 1254 390 1346 bus
423 1255 570 1348 literae
590 1255 796 1382 Copticae
824 1292 912 1350 non
935 1258 1046 1350 nihil
1069 1259 1252 1355 debent.

309 1412 393 1506 Sed
428 1417 597 1504 minime
630 1412 800 1504 silentio
845 1415 954 1505 mihi
990 1416 1253 1539 praetermit-

309 1567 464 1658 tendus
519 1565 766 1660 Guilelmus
819 1568 1008 1698 Bonjour
1066 1569 1252 1663 Eremita

254 1735 257 1741 '
312 1721 651 1846 Augustiniunus
674 1719 877 1834 Tolosas,
909 1726 1029 1848 cujus
1061 1723 1256 1824 lucubra.

307 1878 446 1968 tiones
494 1875 769 1971 Bibliotheca
820 1881 1033 2008 Angelica
1087 1879 1252 1974 Romae

223 2062 225 2066 ·
310 2029 464 2123 habet.
498 2028 608 2123 Nam
642 2061 685 2126 et
718 2017 926 2128 elementa
958 2036 1130 2164 linguae
1166 2037 1255 2132 Co·

239 2213 242 2222 ·
311 2193 450 2312 pticae
483 2191 756 2305 absolverat,
788 2218 831 2285 et
864 2189 1026 2283 Oseam‘
1053 2223 1254 2318 gramma·

179 2319 182 2325 ἱ
309 2347 393 2446 tice
425 2345 705 2474 explicatum,
737 2374 782 2454 et
811 2345 1092 2441 Pentateuchi
1125 2348 1252 2441 medi·

310 2498 478 2593 tubutur
511 2502 773 2618 editionem,
805 2539 900 2597 cum
933 2501 1094 2598 fructus
1126 2511 1249 2634 iuge-

310 2735 353 2792 dit
372 2754 400 2793 se
419 2735 556 2822 losepho,
576 2752 647 2796 cum
667 2737 776 2808 contra
797 2751 865 2816 cap.
887 2734 915 2795 11
938 2753 974 2816 17
995 2731 1073 2798 falso
1092 2736 1253 2822 perhibea-

310 2847 364 2895 tur
384 2831 488 2898 deesse
510 2833 671 2922 λέγοντος·
702 2836 765 2902 Sed
785 2842 1130 2928 praeterquamquod
1158 2846 1255 2908 intet-

309 2937 386 3004 dum
405 2939 533 3008 fortasse
565 2945 689 3010 codices
710 2967 727 3009 a
748 2948 932 3012 Mareshallo
961 2964 995 3013 et
1014 2949 1125 3015 Picltio
1144 2951 1252 3017 collati

310 3051 402 3115 aliter
422 3051 580 3117 habebant
599 3066 695 3140 atque
715 3052 836 3116 editum
856 3075 877 3116 e
895 3055 1061 3119 Wilkinsio
1081 3069 1153 3132 est,
1182 3056 1254 3120 uni·

311 3178 423 3236 verse,
455 3160 510 3222 ubi
538 3159 628 3246 plura
648 3164 769 3235 nitent,
801 3179 864 3222 non
883 3178 941 3242 ego
968 3163 1073 3244 paucis
1102 3151 1252 3222 offendor

311 3265 455 3328 maculis.
479 3267 529 3328 De
548 3265 658 3329 Pickio
679 3267 819 3329 Doctore
839 3264 1013 3328 Sorbonico
1041 3267 1114 3350 (M.
1128 3266 1253 3344 Piques)

310 3371 425 3436 addam
452 3377 483 3435 ei
502 3387 663 3460 praeterea
690 3393 745 3437 nos
765 3368 1065 3458 debete'quaedam
1096 3379 1252 3433 conversa

311 3499 354 3542 ex·
370 3479 506 3563 Coptico
535 3483 569 3540 in
591 3477 673 3540 libro
702 3482 749 3542 De
776 3483 808 3540 la
824 3469 981 3558 perpetuite'
1006 3477 1073 3539 del
1114 3476 1190 3552 Fui,
1218 3489 1253 3538 et
1300 3545 1302 3548 ¹

310 3584 343 3643 in
365 3582 534 3668 liturgiis.
565 3581 769 3645 Mareshallus
798 3586 859 3644 tria
887 3583 990 3664 capitu
1018 3499 1171 3675 Maitlteei
1192 3577 1253 3640 Co·

310 3689 395 3771 ptice
414 3705 483 3768 cum
499 3689 642 3751 versione
663 3684 765 3750 edidit
785 3699 819 3750 et
838 3683 1130 3760 observationibus,
1145 3680 1252 3779 ldillio

314 3806 417 3870 teste,
439 3792 510 3858 loco
531 3796 649 3858 citato·
841 3776 843 3781 .
1182 3791 1194 3829 ““
