3022 4724
345 351 372 438 6

343 471 674 629 Memphiticam
716 509 810 596 'eam
851 537 967 613 esse,
1009 539 1119 632 quae
1162 511 1281 635 prior

339 691 394 752 ex
441 659 548 785 pura
589 661 724 784 prisci
756 658 979 790 Aegyptii
1011 689 1184 756 eatenus
1216 691 1281 759 est

338 834 524 920 mutata,
558 836 605 901 ut
637 809 850 922 evaserit}
897 848 1022 941 quam
1054 813 1280 942 Copticam

340 1001 631 1094 nuncupamus
654 997 688 1055 .·
719 966 815 1059 Ubi
870 969 983 1060 enim
1038 964 1280 1096 frequentia
1310 1018 1312 1022 ¹

339 1123 604 1216 Graecorum
638 1123 776 1260 multo
803 1121 885 1216 fuit
918 1152 962 1216 et
985 1127 1203 1266 antiquior
1226 1127 1279 1218 ‘et

338 1287 496 1412 major,
529 1287 573 1374 in
604 1281 815 1413 Aegypto
845 1277 1070 1393 inferiore,
1102 1281 1166 1374 ibi
1183 1287 1280 1411 pri·

240 1466 242 1470 ·
337 1475 451 1532 mum
483 1441 705 1566 indigenas
739 1437 1025 1530 Graecissasse
1068 1439 1166 1565 quis
1198 1438 1279 1532 du·

214 1615 216 1624 '
336 1598 481 1691 bitet?
528 1631 638 1722 quae
682 1595 854 1720 Coptici
901 1584 1110 1686 sermonis
1154 1593 1278 1720 origo
1492 1573 1493 1666 i

320 1782 420 1860 fest.
453 1751 573 1846 Illud
608 1778 744 1844 autem
777 1753 946 1842 minime
978 1752 1279 1875 consequitur,
1407 1730 1410 1737 ¹

336 1932 385 1998 ut
410 1904 491 2024 ubi·
510 1905 742 2033 primordia
775 1907 938 2030 ceperit
971 1904 1118 2031 lingua
1144 1939 1278 2014 nova3

267 2143 268 2146 a
336 2056 399 2149 ibl
431 2064 589 2151 veteris
622 2061 751 2186 major
794 2055 904 2151 facta
937 2063 1154 2185 corruptio
1187 2062 1276 2152 sit.

339 2213 435 2341 Ego
469 2249 558 2307 eam
590 2214 819 2307 dialectum
862 2251 886 2306 a
923 2218 1127 2339 primaevi
1168 2221 1293 2342 puri-¹

336 2395 422 2462 tate
455 2369 656 2464 sermonis
700 2369 871 2497 longius
911 2374 1123 2463 recessisse
1165 2371 1296 2463 arbi-¹

336 2552 452 2638 taor,
494 2561 601 2655 quae
634 2530 724 2619 visa
756 2524 861 2616 mihi
892 2530 1055 2653 saepius
1087 2553 1150 2652 est
1192 2531 1277 2618 ori-

336 2682 456 2804 gines
489 2677 725 2774 obscurare·
742 2706 787 2773 et
820 2682 1087 2811 analogiam.
1119 2680 1275 2810 Itaque

314 2921 317 2927 .
335 2838 494 2963 negavi
514 2834 723 2928 Saidicam
754 2825 993 2926 habendam
1025 2842 1163 2928 veteri
1182 2868 1276 2961 pro-

336 2989 523 3115 piorem.
549 2989 656 3082 Sed
675 2989 875 3084 brevitati
899 2988 1069 3082 studens
1102 3025 1277 3084 monere
1376 2993 1383 3052 t

334 3144 509 3271 neglexi
541 3180 631 3236 non
652 3135 777 3238 ‘idem
809 3148 1006 3237 universe
1054 3144 1109 3236 de
1142 3148 1275 3236 omni-

333 3303 415 3395 bus
439 3305 565 3394 unius
591 3303 761 3400 dialecti
786 3302 1069 3394 monumentis
1094 3281 1274 3392 sentien·

302 3447 468 3572 duni,
512 3473 622 3550 eum
649 3492 737 3550 non
779 3456 968 3585 ejusdem
1015 3457 1171 3544 omnia
1189 3454 1273 3545 sint

334 3591 465 3724 aevi,
509 3645 587 3704 nec
630 3605 749 3720 loci,
799 3606 940 3734 neque
989 3604 1272 3737 eruditionis.

337 3763 636 3894 Fragmentum
669 3801 724 3859 ex
758 3765 882 3858 Actis
907 3761 1056 3855 Sancti
1088 3755 1272 3851 Coluthi
