3022 4724
1143 389 1159 464 5

324 512 478 640 Itaque
511 510 566 604 ab
586 513 678 638 ejus
710 514 966 640 antiquitate
999 510 1167 603 initium

228 667 375 780 facio3
424 703 514 761 non
553 693 602 759 ut
634 670 783 758 iterem
830 665 944 757 dicta
985 666 1164 758 exordio

228 834 357 957 ipsius
390 828 577 955 opellae,
610 825 685 918 sed
718 851 764 916 ut
798 826 1050 916 sententiam
1083 858 1164 916 am·

229 980 341 1107 plius
373 980 579 1105 explicem
625 977 680 1070 de
721 975 883 1069 duabus
925 974 1164 1103 Coptorum

74 1140 79 1144 ’
213 1132 450 1250 ¹dialectis3
482 1131 589 1259 quid
610 1134 885 1256 spectaverim
911 1165 1008 1238 cum
1030 1130 1166 1224 Mem·-

229 1288 431 1413 phiticam
483 1289 690 1411 potiorem
736 1283 896 1393 habui,
949 1309 992 1378 et
1046 1287 1165 1410 quasi
1212 1341 1215 1348 .

231 1445 428 1568 majorem
461 1465 585 1532 natu.
618 1436 832 1565 Equidem
853 1464 1075 1568 utramque
1095 1476 1166 1533 an·

230 1602 456 1726 tiquiorem
487 1593 668 1688 arbitror
710 1598 799 1721 ipsai
840 1596 985 1725 lingui
1017 1595 1167 1725 Copti·
1285 1611 1288 1626 '

231 1758 310 1847 ci.
351 1753 503 1882 Neque
535 1756 648 1852 enim
682 1749 890 1877 Copticus
931 1750 1167 1878 appellatur

166 1989 188 2002 .
231 1911 539 2001 vetustissimus
572 1909 771 2034 Aegypti
811 1939 948 1996 sermo
980 1909 1168 1998 incorru-

231 2024 353 2189 ptus3
386 2051 525 2189 neque
557 2060 667 2186 adeo
697 2087 797 2154 ante
828 2059 981 2175 Cares,
1014 2059 1167 2158 Jone's-

97 2279 104 2288 =
232 2253 318 2345 que
350 2253 372 2309 a
402 2214 668 2308 Psammitico
695 2214 866 2308 sedibus
899 2215 1209 2344 praediisque!

192 2485 195 2489 ι
231 2372 411 2465 donatos
444 2373 610 2461 initium
652 2371 830 2499 aliquod
874 2368 1045 2501 linguae
1076 2371 1168 2466 Co-

230 2531 368 2655 pticae
407 2561 623 2653 possumus
667 2528 953 2616 comminisci.
1002 2523 1169 2619 Contra

231 2682 482 2791 discrimen,
524 2678 644 2807 quod
677 2711 793 2770 nunc
825 2704 915 2786 est,
955 2676 1174 2798 dialecto--¹

230 2866 321 2923 rum
353 2832 540 2924 Saidicae
579 2857 621 2922 et
656 2828 963 2955 Memphiticae
1006 2833 1053 2922 in
1086 2864 1167 2925 vo-

231 2983 355 3076 cibus
396 2982 532 3076 ductis
571 3019 596 3075 a
637 2988 774 3109 primo
806 2985 1033 3113 Aegyptio
1076 3019 1171 3077 ser-

93 3161 94 3166 '
232 3175 380 3252 mone,
412 3166 521 3264 puto
552 3139 749 3264 equidem
781 3175 805 3230 a
838 3138 1076 3230 discrimine
1109 3172 1170 3230 re·

233 3295 499 3423 petendum,
542 3285 662 3421 quod
703 3299 814 3386 inter
857 3295 1057 3386 idiomata
1099 3329 1169 3387 su·
1262 3415 1265 3420 Ι

233 3451 409 3574 perioris
441 3449 640 3578 Aegypti
670 3474 800 3576 atque
833 3449 1045 3542 inferioris
1076 3450 1188 3541 lon·-

234 3634 288 3726 ge
313 3629 438 3696 ante
492 3600 802 3696 Psammiticum
857 3609 1170 3698 intercesserit.

235 3751 378 3874 Quare
409 3754 495 3848 hoc
519 3764 679 3852 tantum
713 3788 907 3876 autum0,
940 3766 1168 3862 dialectum
