3022 4724
1121 367 1182 466 ¹9

236 494 589 624 Aegyptiorum,
632 519 676 588 et
708 523 874 621 praeter
907 493 1179 594 Ecclesiasti-

238 687 311 744 cos
344 677 387 744 et
420 649 731 746 Grammaticos
773 654 848 744 vix
881 685 1013 744 unum
1051 681 1180 783 atque

237 807 412 936 alterurn
424 805 684 902 Gnosticum
705 833 748 900 et
765 804 1179 918 Valentinianum‘¹?.

236 966 379 1087 Quare
406 965 459 1058 de
486 960 665 1092 profana
694 962 959 1078 eruditione,
990 998 1045 1056 an
1075 968 1177 1056 item

235 1119 372 1211 literis
401 1117 598 1244 Copticis
642 1115 771 1212 fucrit
807 1121 1044 1247 antiquitus
1076 1121 1179 1214 illu-

236 1298 398 1383 strata,
431 1269 654 1364 difficilior
686 1275 929 1398 conjectura
961 1298 1043 1364 est.
1077 1271 1180 1368 Ete-

237 1419 325 1512 nim
368 1459 495 1551 quam
535 1423 774 1519 Kircherus
817 1427 995 1521 exhibet
1028 1427 1179 1560 Syno-

237 1584 334 1709 psin
376 1583 615 1696 librorum,
670 1589 745 1714 qui
797 1588 842 1678 in
874 1585 1180 1680 celebrioribus

236 1742 436 1874 Aegypti
468 1743 765 1874 bibliothecis,
799 1741 935 1868 vulgo
964 1740 1180 1836 Modrase

236 1899 378 1991 adhuc
410 1904 646 2026 supersint,
688 1933 777 1992 eam
810 1897 1008 2025 equidem
1041 1896 1179 1989 credi·
1237 1975 1238 1980 r

236 2053 371 2146 derim
404 2059 691 2148 recensionem
723 2057 867 2181 potius
900 2057 1084 2180 capitum
1116 2055 1179 2146 li·

236 2206 305 2298 bri
346 2211 498 2319 unius,
538 2245 630 2338 quo
669 2213 821 2304 notitia
867 2211 1073 2339 quaedam
1105 2248 1179 2308 re-

236 2399 329 2456 rum
361 2367 547 2475 omnium
582 2393 712 2494 atque
734 2364 1049 2458 nomenclatura
1080 2367 1178 2460 bre-

236 2523 404 2615 vissime
457 2521 675 2614 traditur=
727 2519 965 2646 cujusmodi
1016 2517 1176 2613 librum

236 2677 365 2770 alium
385 2676 568 2804 Coptice
601 2675 727 2806 atque
755 2677 944 2768 Arabice
974 2678 1175 2800 scriptum

236 2860 423 2924 recenset
446 2831 734 2959 Hortingerus
767 2831 982 2924 Biblioth.
1006 2831 1176 2928 Orient.

233 3165 476 3253 disputationem
496 3168 673 3234 Sabidicarn
705 3191 745 3234 ex
765 3169 927 3258 disciplind
950 3172 1100 3238 Gnostici
1119 3195 1176 3240 err-

234 3275 323 3348 hibet
345 3281 394 3341 De
414 3281 502 3342 literis
525 3282 641 3341 Graecis
661 3291 723 3341 etc.
745 3279 833 3342 Alter
855 3296 981 3357 autem,
1003 3285 1092 3366 isque
1113 3281 1177 3344 Va·
1255 3353 1258 3360 ¹

233 3379 420 3447 lentinianae
439 3380 603 3447 doetrinae
630 3381 710 3448 liber
730 3385 847 3448 Oxonii
878 3391 955 3450 item
975 3401 1064 3451 extat
1089 3386 1175 3472 apud

234 3487 272 3552 ci.
293 3489 428 3554 Askew.
456 3491 545 3552 Hunc
565 3487 783 3555 Sahidicorum
802 3490 966 3567 codicum,
986 3509 1065 3577 quos
1084 3487 1175 3555 vide·

193 3585 195 3592 “
234 3595 298 3668 rit,
316 3598 563 3658 vetustissimum
583 3608 691 3662 censet
712 3593 884 3676 Woidius,
914 3618 978 3685 quo
999 3603 1174 3684 interprete

234 3692 310 3756 libri
335 3697 445 3760 titulus
474 3713 542 3762 est:
574 3705 678 3764 Tamus
708 3708 849 3766 secundus·
868 3707 980 3766 Fidelis
1008 3707 1174 3783 Sapientiae

235 3811 378 3861 constans
397 3806 516 3885 paginis
535 3822 596 3884 350
614 3805 721 3880 m-40
743 3849 753 3868 .
