3022 4724
334 371 392 464 ta

320 500 638 597 hemistichium
657 525 891 624 extremum
912 527 954 588 v.
976 489 1198 586 2·Deuter.
1213 525 1261 611 rx

328 697 390 752 uu
421 639 584 770 eertum
609 655 744 790 (lege
775 691 867 746 um
897 647 1150 781 eertum)
1185 643 1263 765 dgr

325 810 739 939 e'pcrq'aineneo
768 808 797 904 ri
827 847 874 902 ru
908 807 930 941 (
963 808 1073 902 adde
1105 803 1262 938 sumpt)

323 968 423 1063 tire
453 988 576 1062 eust<
605 1007 639 1060 u·
673 969 718 1060 h.
751 1005 788 1062 e.
821 997 871 1063 ut
903 1004 998 1064 cum
1030 968 1161 1062 Livio
1194 969 1258 1060 lo·

327 1141 460 1252 quar,
496 1125 612 1249 Quis
643 1123 794 1218 stabili
819 1123 1001 1218 obnixus
1023 1123 1165 1253 gradu
1185 1128 1260 1218 im·

317 1299 471 1404 perum
514 1281 703 1406 excipiet
745 1279 1071 1378 Enuciturum?
1114 1315 1259 1410 aquo

257 1421 258 1426 Ν
322 1434 505 1528 ridicule
537 1431 819 1562 fragmentum
842 1433 1172 1563 Memphiticum
1198 1436 1260 1527 in·

323 1593 451 1718 cipit,
483 1625 579 1684 cum
612 1591 747 1700 absit,
780 1618 822 1684 et
855 1615 968 1682 recte
1001 1589 1258 1717 quidem,·a
1314 1665 1317 1670 .

325 1743 639 1859 Thebaidensi,
659 1744 779 1874 quod
803 1745 1043 1876 praecedit,
1058 1775 1101 1840 et
1121 1779 1257 1838 aver-

323 1902 442 1992 sione
475 1895 627 1990 Latini
658 1898 882 2026 subjuncta
924 1901 1005 2026 ipsi
1037 1897 1259 2026 Memphi-

324 2056 437 2146 tico,
470 2051 555 2146 Sed
589 2088 668 2148 nae
700 2088 784 2180 ego
817 2057 1010 2179 ineptus,
1042 2055 1120 2180 qui
1146 2051 1257 2145 mul·

304 2235 393 2301 tus
428 2211 505 2300 sim
537 2211 583 2299 in
615 2208 830 2334 arguendi
869 2206 1053 2299 hominis
1094 2206 1259 2297 inscitiri

325 2386 368 2452 et
401 2361 684 2488 negligentii,
698 2352 701 2362 ’
715 2387 916 2487 quantam
943 2394 1068 2452 nemo
1089 2359 1259 2469 credet,

321 2519 404 2609 nisi
437 2520 513 2644 qui
546 2519 801 2644 cognoverit
833 2551 886 2610 ex
918 2519 1016 2645 ipso
1045 2516 1188 2610 libro.
1246 2571 1249 2578 ·

398 2670 573 2801 'Neque
593 2700 745 2794 ¹tamen
779 2671 911 2766 velim
931 2671 1138 2797 Copticae
1172 2672 1257 2762 lin-

319 2863 426 2958 guae
460 2827 675 2921 studiosos
708 2855 934 2955 propterea
966 2827 1106 2916 minus
1133 2851 1258 2952 gratu

321 2985 463 3075 animo
497 2982 686 3076 recolere
719 2985 865 3074 merita
897 2981 1045 3074 Sacrae
1069 2978 1260 3106 Congru-

304 3139 506 3264 'gationis
538 3138 593 3230 de
625 3136 812 3266 Propag.
856 3135 997 3251 Fide,
1040 3171 1152 3265 quae
1184 3169 1260 3227 ne-

323 3323 409 3416 que
442 3291 649 3385 sumtibus
681 3297 900 3422 pepercit,
933 3324 984 3389 ut
1009 3295 1143 3388 editio
1165 3294 1261 3388 Ru-

286 3441 612 3539 ,dimentorum
645 3441 767 3539 fieret
801 3447 932 3574 digna
966 3459 1037 3557 se,
1068 3475 1111 3540 et
1132 3447 1261 3574 pluri·

316 3594 421 3710 bus,
458 3635 585 3726 quam
620 3589 759 3694 adhuc
793 3607 947 3713 ceteri,
979 3604 1174 3730 Copticis
1206 3602 1261 3693 li·-

315 3755 404 3850 bris
437 3789 516 3850 nos
535 3753 872 3886 ¹locupletavit,
903 3755 1134 3885 Liturgicis
1168 3790 1262 3847 ma-
