3028 4724
326 373 341 446 5
351 372 375 444 4

317 505 429 588 quae
449 502 561 562 sexta
588 480 678 587 ipsis
693 503 787 581 est,
816 504 1053 588 potestatem
1073 484 1124 568 tri
1154 512 1258 572 uunt

316 623 574 707 elementis.
618 621 699 722 At,
743 626 812 732 qui
841 623 957 738 hujus
984 627 1126 742 legerit
1151 624 1258 748 pipo

174 769 189 782 ’
308 755 501 874 βιβλίον,
529 758 753 842 Rudimmca
783 759 951 877 Linguae
973 765 1141 881 Copta.
1179 767 1259 849 Ro-

289 927 398 1016 ‘mae
432 903 565 998 1778;
606 898 708 981 adeo
738 899 869 982 multa
897 907 1116 1012 comperiet
1152 908 1259 990 inor-

316 1039 473 1136 dinate,
501 1017 710 1145 perplexe,
740 1063 922 1144 perverse
951 1043 1119 1143 tradita,
1147 1075 1258 1128 com-

316 1197 477 1258 mutata
505 1176 702 1274 invicem,
743 1204 908 1276 manca,
946 1183 1142 1288 repetita,
1169 1213 1258 1293 per-

316 1317 505 1415 turbata,
545 1343 669 1425 arque
699 1315 808 1399 edita
837 1320 1047 1420 mendose,
1089 1344 1134 1406 ut
1163 1351 1257 1432 prae

316 1477 381 1537 tot
409 1462 490 1565 ejus
523 1455 620 1553 -libri
659 1454 764 1536 vitiis
801 1456 936 1539 levem
975 1459 1024 1541 sit
1045 1456 1257 1543 habiturus

316 1595 423 1679 hanc
451 1573 624 1678 auctoris
652 1594 927 1692 oscitantiam,
958 1595 1035 1705 qui
1062 1624 1147 1678 non
1175 1597 1258 1680 ani-

316 1731 536 1816 madvertit
576 1758 616 1814 sc
665 1754 751 1814 tam
793 1731 925 1815 multa
971 1737 1257 1820 exscribentem

317 1870 482 1983 utrique
512 1871 706 1971 dialecto,
735 1898 945 1981 nunquam
973 1896 1110 1956 tamen
1140 1861 1180 1964 ἴ
1209 1875 1258 1957 Ιί-

316 2031 445 2094 teram
473 2039 658 2110 exarare,
686 2041 901 2096 numerum
921 2041 1056 2124 saepe.
1087 2011 1258 2098 Numeri
1337 2058 1341 2064 v

319 2177 468 2233 nomen
499 2175 557 2234 est
586 2183 731 2251 οσον,
759 2183 935 2244 πιεοοφ
963 2153 998 2234 il
1019 2161 1093 2253 sei,
1122 2183 1258 2262 quam·

319 2318 447 2398 quam
473 2293 625 2399 saepius
652 2289 775 2400 Copti
816 2291 956 2374 dicunt
999 2323 1060 2412 eg
1102 2288 1258 2382 Graece

318 2454 607 2529 numerantes,
659 2453 704 2544 ut
747 2432 789 2512 in
814 2431 1031 2514 Prodromo
1074 2431 1258 2527 Kircheri

318 2595 408 2682 pag.
442 2565 546 2670 326.
573 2564 653 2654 Sed
681 2595 812 2654 cetera
841 2601 1143 2684 persequamur.

401 2693 597 2789 Accentus
626 2705 731 2825 (qui
759 2704 897 2794 tamen
926 2712 1167 2823 aplerisque
1188 2711 1259 2799 ad-

319 2849 521 2946 scribitur,
550 2870 621 2932 aut
647 2851 846 2934 omittitur
875 2845 1095 2964 incuriose)
1124 2867 1267 2934 accen·

319 3010 384 3070 tus
409 2983 417 3017 “
445 2988 612 3097 inquam
640 2990 726 3070 vim
754 3013 875 3101 auget
903 2989 1066 3086 literae,
1095 2989 1160 3072 cui
1188 2991 1259 3070 im-

154 3223 167 3240 !
319 3129 493 3238 pendet,
533 3158 636 3239 quae
664 3132 694 3212 si
723 3131 874 3213 vocalis
902 3152 983 3230 est,
1024 3155 1141 3213 sonat
1177 3130 1259 3214 cla-

210 3293 212 3298 ’
319 3270 419 3368 rior,
448 3271 479 3349 si
508 3297 683 3352 consona
726 3266 889 3374 fulcitur
917 3270 1053 3356 vocali
1081 3268 1258 3378 quadam

317 3407 567 3508 brevissimi,
590 3435 710 3519 -quae
739 3409 973 3518 plerumque
1010 3409 1051 3488 in
1081 3433 1259 3516 pronun-

319 3548 492 3632 ciatione
513 3550 663 3657 praeit,
691 3548 894 3648 interdum
925 3567 1061 3629 tamen
1082 3524 1259 3654 sequitur
1296 3661 1297 3664 p

319 3710 609 3770 consonantem
638 3714 774 3793 suam.
811 3683 944 3768 Praeit
973 3677 1158 3772 nasaliit
1192 3711 1259 3777 en,

319 3821 400 3904 sive
443 3817 488 3911 ri
522 3853 575 3903 em
594 3865 599 3891 ι
615 3821 834 3932 particulae
864 3822 1040 3934 eJusdcm
1078 3819 1159 3906 fere
1199 3822 1259 3904 si-
