3022 4724
1164 403 1217 478 37

309 533 1187 612 ᾖ

415 760 1071 862 RUDIMENTUM

564 961 942 1041 conruu.

633 1095 877 1130 tm

282 1251 484 1459 Lingua
512 1340 683 1453 Coptica
720 1341 969 1458 Aegyptiaca
1005 1365 1093 1445 est,
1135 1373 1221 1429 non

280 1515 378 1599 pura
408 1510 505 1595 puta
533 1487 736 1594 antiquior
757 1487 830 1569 illa
850 1488 924 1570 sub
945 1483 1221 1580 Pharaonibus

208 1741 213 1746 Ι
280 1656 402 1741 atque
440 1652 536 1710 ante
576 1623 853 1712 Alexandrum
896 1651 1112 1736 usurpata,
1152 1623 1221 1709 sed

280 1800 383 1883 quae
421 1769 744 1852 Ptolemaeorum
781 1795 910 1865 aev0,
953 1764 1115 1850 Graecis
1143 1763 1223 1847 Ao-

280 1940 454 2028 gyptum
482 1902 775 2007 obtinentibus,
805 1937 960 1992 novum
989 1911 1101 2018 quasi
1128 1908 1222 1993 vul-

281 2078 370 2136 tum
391 2051 543 2147 induit,
565 2047 712 2160 magnai
733 2052 776 2132 vi
798 2045 1050 2134 Graecarum
1071 2077 1222 2134 vocum

280 2185 454 2300 adsciti,
484 2214 531 2267 ac
561 2187 754 2294 prioribus
785 2212 871 2296 post
902 2185 1110 2272 Christum
1139 2217 1223 2272 sae-

280 2330 379 2414 culis
421 2327 714 2411 immortalitati
756 2333 1031 2415 commendari
1071 2351 1222 2460 'coepta

274 2489 339 2552 est
387 2469 659 2548 monumentis
708 2465 953 2568 literarum,
1001 2470 1221 2554 vernacula

281 2604 597 2720 Aegyptiorum,
633 2607 703 2713 qui
741 2602 899 2690 Graeca
943 2637 1025 2690 non
1062 2634 1223 2693 uteren-
1332 2667 1336 2672 -

281 2767 370 2843 tur,
391 2746 522 2828 donec
544 2744 727 2858 Aegypto
748 2747 801 2827 ab
821 2744 978 2829 Amruo
998 2745 1049 2829 A.
1067 2743 1116 2828 (2.
1137 2745 1218 2847 641
1309 2727 1311 2732 ’

282 2885 463 2993 auspiciis
484 2880 628 2965 Omari
656 2883 837 2982 subacti,
866 2885 1024 2967 incolae
1053 2912 1078 2966 a
1107 2885 1222 2992 novis

282 3020 453 3104 dominis
473 3018 640 3105 Arabice
663 3021 779 3130 loqui
797 3023 1045 3121 didicerunt,
1075 3047 1115 3106 et
1136 3051 1225 3105 sen·

239 3139 242 3146 ¹
281 3164 355 3243 sim
383 3157 575 3268 Copticus
603 3189 732 3244 sermo
773 3163 971 3247 exolevit.
1012 3159 1126 3245 Duas
1153 3189 1225 3243 au-

280 3327 367 3385 tem
405 3299 597 3382 dialectos
639 3301 868 3407 praecipuas
904 3297 1053 3398 habet,
1090 3293 1225 3378 Mem·

282 3438 476 3549 phiticam
505 3433 701 3520 Inferioris
730 3435 933 3550 Aegypti,
970 3457 1010 3518 et
1047 3433 1225 3518 Thebai-

282 3578 416 3662 dicam
444 3573 688 3687 Superioris,
726 3585 837 3691 cujus
866 3581 1019 3663 idioma
1038 3602 1223 3690 „vocatur

282 3743 308 3796 a
346 3711 486 3822 Coptis
526 3697 760 3822 &mn-ll
805 3722 947 3800 assaidi
958 3779 969 3799 .
1014 3713 1105 3800 Hoc
1141 3715 1226 3800 Sai-

282 3847 418 3932 dicum
438 3826 666 3935 Jabldnskio
694 3855 919 3964 antiquius,
948 3857 1042 3962 quia
1070 3855 1225 3963 simpli-

1093 3991 1111 4032 e
