3022 4724
345 351 400 448 18

337 540 381 603 et
407 506 435 606 J
438 543 498 601 ac.
515 503 680 632 Georg.
702 502 899 596 Adlero.
933 497 989 592 Et
1009 499 1090 629 jam
1116 505 1284 634 suntin

338 661 615 756 bibliothecis
645 657 840 786 Europae
873 654 976 748 libri
990 747 993 754 ,
1009 655 1176 785 aliquot
1207 657 1283 749 alii

336 817 396 910 V.
416 817 469 911 T.
491 815 677 944 Coptice
710 814 977 940 interpretati
1007 815 1068 901 ⁰).
1101 809 1281 905 Ceteros

334 979 516 1070 existere
542 973 769 1100 plerosque
802 1003 949 1060 omnes
977 966 1183 1060 credibile
1216 993 1280 1058 est

334 1136 380 1223 in
413 1128 609 1258 Aegypti
641 1128 932 1220 monasteriis.
978 1122 1132 1252 Neque
1165 1127 1279 1215 e'uim

336 1283 461 1378 facile
493 1283 713 1411 complura
747 1281 985 1408 neglexerit
1019 1282 1172 1405 scripta
1205 1279 1280 1370 di-

337 1442 497 1532 vinitus
545 1472 691 1531 eorum
725 1441 858 1562 pietas
889 1439 957 1549 (²),
996 1437 1072 1563 qui
1103 1435 1278 1563 reliquis

335 1593 677 1687 Christianorum
705 1589 826 1683 libris
853 1590 1279 1692 convertendiscon-

332 1749 492 1846 sultum
525 1750 754 1844 voluerunt
795 1751 1093 1879 Aegyptiacae
1127 1745 1278 1842 Eccle-

331 1910 440 2019 siae,
455 1933 505 2000 ut
523 1909 596 1998 sui
614 1931 755 2032 posset
772 1904 921 2034 lingui
937 1932 1141 1998 contenta
1163 1942 1276 2000 esse.

429 2062 516 2156 Sed
565 2090 726 2189 partem
775 2059 950 2154 fortasse
1005 2094 1084 2151 nos
1137 2059 1277 2153 adhue

335 2218 529 2340 exiguam
557 2217 753 2307 novimus
777 2213 973 2307 codicum
1005 2215 1274 2339 superstitum

393 2426 441 2506 (r)
460 2424 583 2488 Parisiis
613 2428 645 2486 in
675 2423 869 2487 Bibliotheca
890 2426 987 2508 Regia
1018 2423 1085 2488 NA>
1116 2425 1193 2486 nn
1223 2439 1272 2486 est
1380 2430 1385 2438 '

334 2524 504 2611 Prophetia
524 2527 698 2591 Ezechielis
719 2528 851 2612 Coptice
872 2543 906 2594 et
925 2531 1078 2608 Arabice3
1096 2546 1135 2600 ut
1154 2528 1196 2594 de
1208 2531 1273 2594 Da·

331 2635 416 2698 niele
437 2635 515 2698 nihil
536 2635 656 2714 dicam,
676 2639 731 2723 qui
751 2654 822 2699 curn
841 2639 1005 2725 Prophetis
1025 2641 1077 2704 111
1096 2639 1271 2704 minoribus

329 2742 490 2804 invenitur
510 2743 544 2802 in
564 2739 728 2804 codicibus
747 2746 854 2806 nescio
874 2756 968 2828 quot.

395 2847 439 2924 (α)
461 2845 674 2912 Anachoretas
695 2847 820 2912 deserta
839 2849 980 2935 Aegypti
1001 2850 1172 2914 incolentes
1191 2871 1273 2918 anno

339 2951 517 3015 Christiano
537 2957 665 3016 circiter
680 2951 738 3033 336
757 2951 895 3018 sedulam
915 2973 1046 3030 navaue
1063 2975 1189 3042 operam
1204 2973 1275 3020 νει-Ι

330 3059 436 3124 tendis
466 3061 554 3125 libris
573 3059 711 3138 divinis,
742 3073 838 3146 atque
868 3064 900 3124 in
920 3059 1106 3138 Thebaide,
1138 3057 1271 3148 totique

334 3169 485 3252 Aegypto
504 3188 542 3230 eo
562 3187 643 3231 aevo
673 3171 798 3230 incensa
818 3166 987 3232 admodum
1007 3172 1172 3234 sacrarum
1198 3167 1271 3238 iite-

328 3292 433 3336 rarum
464 3273 568 3338 studia
600 3273 788 3338 increbuisse
819 3275 978 3359 colligitur
1010 3294 1051 3338 ex
1071 3273 1271 3358 Nicephoro,

330 3394 423 3446 etex
446 3381 618 3466 Coptorum
644 3383 871 3469 Martyrologio
891 3383 1026 3448 Arabico
1056 3385 1115 3447 Ms·
1135 3381 1271 3466 Collegii

331 3487 559 3550 Maronitarum
574 3487 705 3551 Romae.
726 3489 818 3552 Tune
837 3495 944 3576 iraque
964 3488 1115 3558 credibile
1136 3501 1183 3553 est
1204 3506 1268 3550 non

329 3589 423 3652 modo
443 3607 587 3676 coeptam
607 3597 783 3657 versionem
803 3594 973 3660 Bibliorum
994 3593 1271 3670 Thebaidensem,

328 3691 383 3755 sed
407 3695 629 3780 Memphiticae
648 3713 769 3783 partem
790 3700 964 3787 reliquam,
991 3700 1096 3767 adhuc
1116 3715 1183 3766 tum
1203 3697 1270 3766 for-

328 3809 408 3862 tasse
430 3798 599 3880 maiorem,
619 3801 818 3869 confectam.
