3022 4724
1122 361 1182 432 21·

210 535 213 540 ·
250 495 379 588 dorus
425 491 663 605 Petraeus‚
710 490 823 586 Tho.
870 488 1189 604 Mareshallus,

251 675 296 741 et
334 646 578 741 Ludovicus
618 643 791 739 Pickius
833 641 1188 738 commemorandi
1285 749 1287 754 ¹

251 827 378 914 sunt,
417 804 495 928 qui
527 800 599 896 vel
631 801 796 930 aliquid
832 799 1060 928 vulgarunt
1091 797 1220 892 Co-'

251 957 390 1079 ptice,
421 953 496 1049 vel
527 953 647 1049 Novi
668 956 927 1051 Testamenti
961 955 1188 1082 Copticam

179 1086 182 1092 ⁵
248 1107 638 1234 interpretationem
653 1112 930 1206 contulerunt
946 1145 1042 1204 cum
1054 1109 1187 1204 Grae-

251 1298 304 1358 co
335 1290 459 1358 textu
491 1301 580 1358 non
612 1251 888 1393 indiligenter
921 1269 982 1354 ω.
1016 1263 1188 1358 Praete·

249 1595 277 1638 a.
300 1575 399 1656 1660,
419 1592 452 1642 et
472 1578 537 1658 ejus
556 1577 767 1645 Bibliothecae
782 1567 959 1658 ¹Orientalis
978 1577 1098 1644 ibidem
1118 1579 1187 1645 edi·
1304 1619 1306 1624 -

250 1699 303 1748 tae
324 1704 351 1749 a.
374 1684 449 1767 1658
472 1702 570 1776 caput
591 1705 612 1747 v
633 1687 674 1750 de
694 1688 780 1751 libris
801 1687 941 1773 Copticis
960 1700 1030 1750 est.
1062 1683 1186 1749 Theod.

250 1793 395 1857 Petraeus
422 1798 604 1879 Aegyptum
632 1799 730 1881 ipsam
762 1798 893 1872 invisit,
925 1791 1009 1856 unde
1043 1795 1190 1877 Copticos

250 1897 347 1961 libros
367 1898 508 1962 attulit...
525 1900 620 1977 Cuius
640 1897 780 1992 laborum
810 1911 845 1960 et
865 1897 1015 1980 Copticae
1036 1891 1189 1958 eruditio-

250 2009 299 2066 nis
317 2002 437 2066 fructus
467 2005 559 2088 longe
590 2002 753 2066 uberiores
783 2003 905 2098 Europe
924 2003 1133 2084 percepisset,
1161 2003 1189 2062 si

216 2180 218 2183 ,
251 2112 351 2169 minus
382 2105 524 2170 doctrina
552 2106 686 2169 hominis
714 2104 823 2168 fuisset
851 2103 962 2190 opibus
993 2117 1027 2166 et
1055 2099 1188 2187 pecunii

250 2209 418 2277 destituta·
451 2209 524 2289 Ejus
544 2211 725 2275 Psalterium
745 2215 778 2274 in
799 2206 858 2275 alii
878 2214 1081 2273 annotatione
1102 2227 1188 2274 com-

251 2322 420 2382 memoravi
441 2315 560 2380 editum
581 2317 717 2400 a.1663.
739 2319 889 2382 Ceterum
911 2313 1025 2381 videsis
1044 2316 1185 2380 chWoi-

250 2418 292 2486 de
312 2423 450 2488 Me'mor're
470 2448 517 2486 sur
534 2427 773 2488 leDr'ctr'onnar're
786 2427 911 2505 Copbte,
930 2428 999 2502 qu'r'l
1019 2449 1056 2487 vc
1073 2427 1184 2504 publiea

251 2526 270 2587 d
291 2530 419 2608 Oxsord,
439 2547 469 2590 et
487 2552 536 2591 sur
551 2533 592 2592 les
613 2531 750 2608 Sonans,
778 2534 823 2610 qui
843 2547 894 2590 ont
915 2529 1006 2594 e'tudr'e'
1021 2533 1052 2590 Ia
1074 2534 1190 2610 langue

253 2636 357 2712 Copite
377 2636 409 2694 in
431 2632 550 2697 Gallica
570 2635 800 2719 Ephemeride,
828 2634 916 2713 cujus
937 2639 1047 2701 titulus
1066 2639 1189 2700 Journal

250 2742 299 2799 des
318 2740 430 2802 Sonans
446 2763 519 2820 pour
546 2743 756 2817 l'anne'e1774
784 2763 854 2828 pag·
876 2765 933 2824 333
963 2743 1041 2807 edit.
1072 2745 1178 2828 ἱππ-φο

251 2854 284 2902 et
303 2840 380 2904 edit.
401 2843 509 2906 in-8.0
538 2864 608 2929 pag.
623 2865 702 2927 993.
723 2847 802 2918 Cum
823 2868 863 2911 ex
884 2847 944 2912 hoc
965 2845 1088 2913 Woidii
1107 2869 1191 2914 cour-

251 2950 403 3008 mentatio
423 2947 577 3010 hauserim
598 2951 758 3036 complura
777 2950 817 3013 ad
838 2950 999 3016 historiam
1020 2953 1190 3018 literarum

188 3109 191 3115 .
250 3049 413 3133 Copticam
424 3056 631 3134 pertinentia,
644 3054 793 3119 indicasse
805 3055 926 3120 fontem
936 3057 1071 3122 sufficiat
1082 3063 1186 3148 semel.
1290 3089 1294 3096 ¹

312 3157 362 3240 (r)
384 3157 523 3221 Varietas
544 3158 687 3223 lectionis
707 3162 743 3224 N.
757 3162 795 3224 T.
808 3149 935 3246 Coptici
956 3182 974 3226 a
994 3163 1191 3230 Mareshallio

250 3277 284 3329 et
303 3262 411 3328 Pickio
430 3261 613 3341 observata,
631 3283 649 3326 a
670 3264 771 3326 Millio
790 3279 937 3329 annotata
965 3270 1028 3328 suis
1047 3265 1122 3336 locis
1143 3284 1190 3331 est

250 3375 283 3436 in
303 3369 506 3438 celeberrimi
537 3372 574 3462 N?
595 3372 634 3433 Τ.
659 3368 798 3434 editione
818 3373 935 3436 Oxonii
955 3393 983 3434 a.
1009 3392 1108 3456 1707,
1135 3393 1192 3438 cu-

249 3463 297 3562 jus
317 3476 394 3542 vide
416 3476 589 3561 prolegom.
609 3475 671 3566 n30
694 3475 773 3550 1406
793 3492 826 3540 et
849 3474 945 3559 1508.
967 3475 1108 3540 Laudari
1130 3475 1188 3538 ho-

252 3589 367 3648 minum
386 3579 601 3664 diligentiam,
621 3599 811 3666 quamquam
832 3599 892 3644 non
914 3599 963 3645 me
983 3576 1065 3662 fugit
1083 3595 1195 3664 pecca-¹

251 3701 321 3756 tum
342 3709 404 3752 non
424 3708 591 3774 numquam
621 3686 660 3752 ab
680 3691 754 3773 ipsis
773 3707 860 3764 esse,
887 3699 922 3748 ut
949 3705 1022 3750 cum
1042 3685 1155 3748 Matth.
1176 3686 1189 3746 I

253 3815 293 3857 20
313 3809 492 3858 annotatum
512 3814 575 3858 non
595 3809 643 3858 est
663 3814 721 3880 pro
741 3789 843 3884 ἐφάνη
862 3789 953 3882 αὐτῷ
970 3790 1077 3854 haberi
1097 3808 1191 3854 orren-
