3028 4724
328 341 376 445 56
1058 429 1060 434 .

212 487 216 492 ’
319 486 389 568 ubi
419 485 558 600 origo,
594 483 746 587 forma,
782 492 1019 598 compositio
1048 491 1159 575 verbi
1186 521 1259 602 po·

318 621 467 722 stulat,
505 646 577 706 aut
603 625 746 708 saltem
774 630 948 736 patitur.
990 630 1116 736 Quod
1158 659 1257 741 quo-

319 766 430 845 niam
459 763 594 847 doceri
623 768 843 882 singilatim
870 775 1033 881 nequit,
1060 762 1134 855 nisi
1163 801 1276 856 cum*

318 899 399 1009 ipsi
428 897 728 1006 Grammatico,
768 894 930 992 tantum
959 912 1108 997 addam
1135 940 1258 998 voca·
1325 911 1328 916 ’

221 1147 223 1150 Ι
318 1038 399 1122 lem
428 1038 534 1124 hanc
564 1044 834 1129 brevissimam
864 1049 994 1133 efferri
1022 1053 1173 1160 optime
1210 1073 1257 1135 ut

161 1259 165 1268 .
285 1301 287 1306 Ι
318 1179 503 1283 Gallie,
531 1214 655 1294 quam
683 1175 823 1272 dicunt
852 1216 1017 1291 mutam
1058 1216 1169 1297 posse
1197 1213 1258 1273 ta·

317 1349 412 1406 men
441 1322 521 1436 legi
548 1355 573 1404 a
601 1351 649 1406 eo
677 1330 779 1435 jure,
810 1352 892 1434 quo
921 1333 1037 1410 sceva
1053 1321 1260 1410 Hebraeo·

317 1490 408 1545 rum
436 1463 492 1546 ita
522 1461 671 1545 lectum
714 1464 949 1574 plerumque
979 1493 1003 1546 a
1033 1465 1255 1547 veteribus.

242 1585 244 1588 ⁵
282 1615 284 1620 ’
317 1595 457 1708 Itaque
494 1596 745 1682 Jablonskius
789 1598 913 1686 habet
941 1595 1085 1690 sinor
1125 1599 1258 1708 arrabon

317 1734 440 1858 (ira)
481 1737 645 1832 ἀκουαὶ
686 1741 811 1824 annub
855 1737 875 1857 (
895 1735 1067 1854 aureus)
1110 1733 1256 1853 iouqt

317 1866 429 1988 canufi
454 1873 475 1994 (
487 1880 599 1962 bonus
613 1873 657 1996 ).
700 1877 833 1990 Atque
864 1877 964 1962 haec
1001 1878 1065 1961 de'
1082 1903 1258 1984 pronun·
1385 1944 1387 1948 ,
1449 1943 1450 1947 r

213 2125 215 2128 Ι
317 2020 518 2101 ciatione.
1263 2122 1265 2127 Ι

401 2151 617 2238 Caeterum
654 2154 949 2256 consonantes,
989 2157 1148 2241 omissis.
1178 2153 1260 2238 Co·

253 2284 256 2292 ’
317 2298 590 2408 pto-graecis,
628 2294 812 2380 bifariam
849 2297 989 2381 divido
1029 2300 1074 2380 in
1118 2297 1258 2406 paullo

319 2435 531 2542 asperiores
595 2425 1257 2556 sssssffisxsssspaffswsh,

319 2594 361 2654 et
383 2571 552 2654 leniores
593 2582 1258 2690 11‚q,‘s‚l<‚st,b‚z‚c‚g‚

314 2710 394 2822 vqui
421 2707 575 2796 ratione
604 2712 721 2794 binae
750 2703 905 2821 semper
933 2735 1257 2818 componuntur,

317 2854 518 2962 superior,
547 2835 669 2962 atque
697 2848 881 2947 inferior,
910 2852 966 2932 ita
995 2855 1108 2932 sono¹
1125 2850 1260 2958 proxi-

317 2992 432 3096 mae,
474 3017 521 3078 ut
563 2994 776 3103 pleraeque
815 2991 901 3073 solo
939 2989 1077 3097 spiritu
1115 2971 1259 3069 discre—
1306 3013 1309 3020 ·

156 3147 167 3213 .’
267 3157 270 3166 '
297 3160 437 3246 pent,
466 3139 587 3244 quern
616 3134 800 3241 superior
829 3134 1025 3239 majorem
1055 3122 1259 3234 postulat,

318 3301 366 3356 ac
393 3269 761 3354 vehementiorem.
799 3265 943 3377 Itaque
972 3267 1096 3348 etiam
1119 3259 1261 3367 ¹facilis

318 3414 507 3494 mutatio·
536 3411 783 3521 superiorum
833 3423 942 3492 cum.
979 3402 1260 3500 inferioribus,

317 3580 563 3662 quamquam
584 3563 668 3634 non
691 3534 889 3661 peraeque
914 3550 1122 3633 omnium.
1152 3541 1261 3627 Nam

319 3691 512 3771 rarissime
531 3711 599 3771 est
628 3699 661 3779 λ
691 3714 763 3796 pro
795 3723 852 3807 p,
880 3711 926 3770 ut
948 3688 989 3767 in
1020 3676 1159 3775 6an
1188 3709 1261 3789 pto

203 3881 206 3888 Δ
321 3817 472 3947 oropo,
499 3827 762 3936 subsequente
785 3821 934 3923 issob,
962 3849 1138 3935 retegere,
1166 3846 1261 3902 eum
