3028 4724
356 359 402 460 58
465 429 478 439 .

430 491 480 576 In
508 494 787 578 numeratione
816 494 923 578 idem
945 493 1083 578 literae
1105 495 1287 610 singulae

347 627 485 744 Coptis
512 633 679 733 valent,
707 631 818 742 quod
849 628 1034 716 Graccis.
1065 627 1144 716 Sed
1172 630 1287 715 litera

349 770 539 892 qvicem
580 796 753 885 praestat
788 773 951 885 episemi
979 767 1141 872 κόπωα,
1179 781 1289 884 cujus

346 914 469 997 etiam
507 911 625 998 refert
661 917 832 1024 priscam
871 912 1044 1028 figuram
1073 916 1205 1024 scripti
1244 919 1287 999 in

346 1039 559 1135 adversum
581 1053 682 1168 tuph
717 1067 772 1146 Ρ.
802 1047 932 1134 Notat
960 1053 1083 1166 igitur
1111 1044 1289 1166 {inona-

344 1188 479 1304 ginta.
509 1184 676 1272 Lineola
696 1189 806 1271 enim
828 1189 1110 1298 superducitur
1129 1191 1288 1290 literae,

344 1352 449 1434 quae
471 1353 683 1410 numerum
706 1325 877 1410 indicat.
906 1322 1098 1441 Figuram
1126 1331 1288 1440 episemi

345 1461 463 1585 otium
490 1492 528 1555 ra
556 1468 598 1548 in
625 1462 801 1574 Copticis
829 1494 896 1550 me
923 1469 1059 1554 videre
1090 1499 1174 1553 non
1202 1499 1288 1554 me·
1416 1566 1420 1573 Ι

343 1607 466 1690 mini.
507 1601 616 1687 Nam
654 1601 890 1689 Wiikinsius
930 1608 971 1690 in
1012 1604 1287 1692 Pentateucho

343 1775 416 1860 pro
446 1748 659 1863 nongentis
689 1743 855 1828 adhibet
883 1735 940 1867 ᾗ,
980 1747 1170 1863 ambigue
1199 1776 1288 1830 om-

348 1892 467 1990 nino,
497 1919 592 1972 cum
613 1890 663 1970 sit
683 1887 806 1970 etiam
826 1888 919 1995 ipsi,
934 1911 986 1980 ¹ut
1001 1887 1086 1971 aliis
1103 1889 1287 1971 omnibus

346 2018 383 2150 ‘p
408 2051 596 2114 centum.
626 2024 730 2110 Vide
749 2021 855 2109 Gen.
870 2054 926 2126 v,
947 2031 994 2109 18
1019 2049 1059 2109 et
1078 2054 1126 2109 20
1143 2027 1288 2136 scripta

343 2171 461 2254 nullo
492 2170 714 2254 discrimine
757 2167 861 2267 162,
900 2190 941 2250 et
971 2165 1051 2273 962
1079 2149 1198 2284 ’[3ξί

427 2303 597 2420 Lineola
636 2330 773 2391 autem
816 2334 900 2390 non
942 2306 1067 2389 modo
1111 2305 1286 2387 numeris

342 2452 645 2562 superducitur,
693 2447 763 2530 sed
810 2446 1058 2556 compendiis
1105 2473 1285 2542 vocum,

343 2616 515 2700 quorum
531 2585 630 2670 haec
646 2587 853 2668 usitatoria
868 2575 963 2678 dod
983 2582 1023 2668 h.
1037 2613 1072 2670 e.
1088 2581 1284 2676 deonass

343 2719 552 2841 (sanctus)
586 2715 649 2814 εἷο
686 2719 805 2832 θεὸς,
847 2714 963 2824 liro,
1003 2724 1071 2808 vel
1112 2717 1177 2815 I⁵c
1217 2723 1286 2839 Γη-

342 2856 629 2974 ooi4,1hntt
661 2860 946 2986 Γερουσαλήμ,
981 2858 1078 2956 Ιὸλ
1107 2862 1286 2987 inperii,

208 3016 210 3023 ’
285 3029 286 3032 ’
341 2995 436 3094 fridh
466 3005 645 3122 peisrail,
673 2993 725 3091 Ιῖε
764 2997 901 3126 κύριε,
929 2995 1024 3124 lta-p
1056 2999 1285 3130 παρθένος,

341 3131 436 3236 rr'ria
481 3147 658 3258 πνεῦμα,
698 3132 795 3262 ct‘r‘rp
839 3137 995 3258 σωτὴρ,
1039 3133 1174 3241 Χῖ,
1218 3140 1285 3225 vel
1311 3176 1345 3232 y

343 3277 464 3414 Xp‘c
515 3280 727 3408 Χριστὸς,
781 3281 849 3365 vel
904 3282 1028 3363 etiam
1079 3276 1286 3398 χρηστὸς,

339 3450 587 3533 quamquam
626 3420 704 3504 hoc
733 3424 866 3531 inepte
898 3417 1074 3504 confusis
1096 3422 1285 3506 -vocabu-

340 3569 386 3648 lis
408 3548 590 3677 'ejusdem
619 3564 725 3645 soni.

425 3702 613 3814 Superest
648 3697 736 3805 ὃς,
767 3704 880 3814 quod
917 3703 1171 3788 scribendum
1206 3711 1283 3799 οἳ,

340 3867 387 3928 ut
414 3868 648 3940 constanter¹
672 3849 715 3930 in
744 3845 1022 3932 Pentateucho
1052 3871 1094 3932 et
1125 3844 1177 3930 N.
1207 3844 1285 3928 Te-
