3022 4724
1118 379 1171 476 17

55 581 58 588 ι
105 517 107 522 ’
235 515 509 628 tateuchum,
556 538 600 607 et
657 511 884 622 Psalmos,
932 539 1023 605 turn
1078 513 1176 606 reli·

232 699 415 799 quorum
448 665 677 794 particulas
709 669 808 760 satis
840 665 992 762 multas
1024 671 1071 760 in
1107 665 1178 763 Li·

231 824 407 952 turgicis
437 821 763 934 voluminibus,
804 853 941 956 atque⁸
964 830 1010 919 in
1044 826 1176 920 Tukii

231 975 508 1088 rudimentis,
541 977 619 1070 ubi
651 979 879 1111 pleraeque
922 987 1048 1076 etiam
1085 985 1179 1078 Sai-

142 1231 145 1239 .
234 1128 329 1221 dice
363 1129 642 1224 exhibentur.
677 1133 733 1226 Et
760 1135 1046 1265 Memphitice
1078 1145 1177 1269 pross

233 1283 392 1376 dibunt
425 1279 598 1380 fortasse
631 1287 864 1416 aliquando
888 1290 1032 1383 Biblia
1068 1297 1177 1389 inte-

236 1471 339 1566 grat
368 1473 564 1566 quorum
596 1443 765 1534 interim
799 1445 1005 1573 quaedam
1038 1446 1214 1566 adhuc¹

238 1593 397 1688 inedita
438 1598 653 1690 volumina
701 1600 776 1694 vel
812 1579 1047 1730 fragmenta
1081 1599 1179 1693 dia-

165 1873 167 1879 s
235 1751 350 1844 lecto
382 1750 578 1844 alterutri
612 1754 863 1880 ptopediem
909 1781 1177 1881 expectamus

236 1941 261 1998 a
292 1909 395 2000 viris
428 1904 676 1998 doctissimis
704 1911 949 2034 Augustino
980 1908 1177 2000 Antonio

239 2057 407 2186 Georgi
440 2063 511 2167 (¹),
554 2058 715 2154 Christ.
751 2035 978 2194 Guilelmo
1012 2063 1177 2162 Woide
1243 2096 1244 2100 ‘

298 2352 347 2437 (ι)
365 2353 550 2418 Procurator
571 2352 623 2417 hic
643 2350 825 2428 Generalis,
845 2349 1004 2439 decusque
1025 2353 1177 2438 Augusti-

238 2459 348 2520 nianae
367 2456 573 2522 Eremitarum
593 2457 739 2520 Familiae
759 2458 923 2520 Danielem
952 2472 985 2522 et
1006 2459 1179 2544 Prophetas

241 2569 376 2629 minores
394 2561 528 2630 editioni
547 2577 654 2651 parat,
672 2563 767 2650 atque
786 2567 906 2627 interea
928 2563 1074 2647 vulgabit
1095 2561 1181 2648 frag·

237 2681 376 2731 mentum
399 2669 707 2754 Graeco-Copticum
727 2667 890 2752 Evangelii
911 2668 943 2732 S·
964 2669 1110 2747 loannis,
1130 2689 1182 2731 cu·

237 2772 285 2852 jus
304 2779 410 2838 variae
431 2775 581 2839 lectiones
604 2775 645 2839 ab
665 2773 791 2838 Andrea
812 2775 929 2838 Christ.
951 2773 1062 2837 Hvriid
1088 2795 1175 2838 conr·

238 2888 413 2949 munita-tae
434 2887 485 2950 lo.
499 2884 619 2950 Davidi
639 2883 823 2961 Michaelis,
859 2888 892 2948 in
911 2879 1005 2961 huius
1024 2881 1181 2946 Orientali

238 2987 434 3051 Bibliotheca
470 3007 632 3067 excusae,
662 2990 825 3054 Germanis
856 2987 917 3066 ianr
949 2991 1179 3056 innotuerunt.

238 3091 286 3154 Cl.
305 3091 422 3156 Woide
442 3098 590 3178 promissa
609 3111 691 3158 nunc
711 3091 842 3178 quidem
862 3091 994 3155 fortasse
1024 3091 1086 3169 jam
1106 3091 1181 3157 vul·

237 3201 327 3282 gavit
349 3201 521 3278 Fragmenta
541 3203 638 3278 nit.
666 3205 810 3261 seeundum
837 3202 1094 3278 interpretationem
1123 3204 1181 3261 Su-

235 3310 354 3384 perioris
374 3306 520 3388 Aegypti,
548 3328 618 3387 qaace
637 3307 769 3368 Samarra
787 3309 968 3386 appellatur.
983 3351 991 3367 .
1004 3346 1034 3364 ··
1071 3309 1181 3398 Ortonii

242 3420 320 3497 typis
338 3416 529 3478 Academicis·
549 3415 650 3498 Quam
671 3417 962 3497 interpretationem
982 3411 1113 3476 secundi
1133 3431 1180 3474 se·

240 3517 301 3580 culi
322 3515 468 3582 Woidius
498 3532 664 3596 autumat,
693 3538 905 3604 summamque
934 3513 1179 3602 fragmentorum

243 3625 309 3706 ejus
328 3632 453 3692 tertiam
481 3633 605 3694 circiter
635 3641 755 3716 partem
784 3628 937 3694 exhibere
967 3630 1052 3692 Novi
1072 3628 1181 3691 Testa·

243 3740 354 3802 menti.
373 3733 508 3801 Adlerus
524 3735 594 3802 ioht
612 3735 726 3800 librum
746 3747 801 3798 aut
821 3730 997 3818 fragmenta
1016 3730 1180 3817 descripsit

238 3858 258 3903 e
278 3841 349 3907 Mes.
367 3843 545 3928 borgianis,
565 3842 729 3922 editurus,
750 3857 786 3906 ut
806 3860 896 3928 spero
915 3859 1008 3928 quam
1030 3843 1180 3925 primunr.

1043 3975 1064 4022 c
