3022 4724
324 382 385 477 24
600 453 603 460 .

311 509 556 602 ¹meminerit
582 539 710 633 opere
739 508 784 595 in
805 505 938 630 longo
967 533 1159 595 sonnium
1185 501 1266 593 ob-

319 697 491 790 repere,
524 657 727 752 fatebitur
760 692 849 751 non
874 663 1051 748 omnino
1083 658 1264 748 oscitan-

221 887 225 896 ,
319 845 412 930 ter,
446 848 587 941 neque
620 815 813 938 imperite
855 812 1085 905 admodum
1119 847 1262 904 emen-

315 970 463 1070 dasse.
496 965 659 1095 Siqua
696 968 784 1092 ejus
817 991 988 1091 peccata
1021 963 1153 1092 digna
1185 996 1262 1054 ve-

319 1125 390 1212 nia
421 1125 557 1212 minus
589 1147 713 1234 sunt,
744 1154 793 1212 ea
825 1149 934 1213 sunt·
951 1123 1262 1246 interpretatio·

319 1282 386 1369 nis
418 1273 620 1390 Latinae,
653 1311 761 1404 quae
795 1307 1076 1402 praepropere
1096 1272 1260 1400 saepius

323 1434 495 1528 videtur
538 1468 627 1526 non
667 1433 723 1526 ab
768 1433 995 1562 Aegyptio
1036 1427 1259 1558 profecta,

322 1590 397 1682 sed
429 1625 457 1708 a
486 1585 679 1696 Graeco,
712 1586 853 1680 aliove
885 1613 1031 1697 textu,
1066 1586 1143 1711 qui
1163 1616 1261 1674 ver-

317 1727 459 1834 tenti?
479 1738 614 1835 oculis
647 1767 717 1832 aut
751 1742 970 1833 memoriae
1011 1738 1257 1831 obversare-

318 1921 413 1987 tur.
447 1893 582 2010 Nam‚
614 1905 661 1986 ut
680 1895 780 1988 hoc
813 1921 933 2007 utar,
953 1929 1048 1987 cum
1074 1893 1258 2021 Apocal.

320 2051 358 2144 Ι.
391 2085 422 2144 11
455 2059 584 2146 vertit
617 2053 718 2166 Εα,
763 2087 873 2180 quae
915 2053 1077 2152 viderit
1089 2125 1106 2167 ‚
1149 2057 1260 2176 ¹scri-

321 2205 405 2316 be,
445 2207 640 2330 ignorare
683 2233 796 2299 certe
837 2239 928 2298 non
972 2199 1146 2332 poterat¹
1195 2241 1260 2296 nrt

318 2353 724 2450 evernacoonon
769 2394 879 2484 quae
910 2361 1133 2475 audieris,
1164 2397 1255 2496 non

319 2547 428 2642 quae
460 2515 642 2627 videris,
673 2511 935 2642 significare.
968 2513 1077 2640 Item
1102 2515 1255 2640 procul

320 2670 457 2764 dubio
490 2706 579 2764 non
612 2689 666 2764 ex
685 2668 859 2797 Copto,
875 2668 949 2764 sed
982 2705 1035 2761 ex
1057 2668 1149 2761 aliis
1171 2696 1258 2761 tex·-

319 2822 432 2914 tibus
465 2822 661 2931 ductum,
702 2822 824 2951 quod
857 2823 985 2938 habet
1018 2819 1177 2916 Genes.
1212 2856 1256 2915 tv

229 2995 231 3000 ’
267 2977 269 2980 ’
327 3003 377 3097 13
413 3003 641 3106 peccatum
678 3011 824 3074 vmeum
868 2981 1009 3105 majus
1047 3009 1174 3102 quom
1208 3003 1256 3070 ut

320 3129 431 3223 miti
459 3135 703 3228 remittatur
732 3168 814 3261 pro
847 3151 1025 3227 nanossr
1055 3152 1254 3247 onnnfff

318 3313 404 3372 ne:
435 3315 552 3400 xaq
575 3319 653 3375 nro
673 3269 798 3380 &ton
817 3319 851 3388 t·
866 3317 1093 3418 peccatum
1114 3300 1252 3405 meum
1341 3273 1343 3278 ’

320 3470 523 3567 magnum
568 3468 633 3536 est
647 3477 664 3552 ,·
715 3447 885 3543 remitte
929 3450 1068 3572 ipsum
1111 3431 1220 3536 miti
1241 3487 1304 3538 ,κ

320 3588 487 3731 Itaque.
516 3573 680 3686 inutilis
722 3601 811 3726 ejus
855 3603 1147 3728 interpretatio
1191 3624 1254 3692 est

175 3731 181 3738 ¹
283 3743 564 3858 'hominibus
603 3747 787 3878 Coptice
828 3753 1137 3864 nescientibus,
1177 3754 1268 3880 qui¹
