3028 4724
1109 378 1180 460 103

247 490 487 574 structione.
537 485 619 573 Suo
673 491 794 602 igitur
839 493 1005 602 quisque
1055 501 1186 586 studio

213 749 215 752 Ι
247 626 542 714 animadvertet
571 660 655 714 non
686 632 811 717 modo
839 667 899 728 en
928 637 982 720 ab
1012 628 1075 730 im
1115 635 1187 752 as-

238 766 362 882 serre,
394 800 483 862 cen
513 798 538 853 a
566 803 656 862 crus
687 779 862 872 transire,
900 803 996 884 men
1019 801 1050 859 ⁴a
1079 809 1181 885 mint

238 920 450 1028 percontari
458 965 476 1007 ,
502 915 681 1011 salutare,
710 945 821 1020 rtem
850 940 876 996 a
904 946 1017 1006 attur
1044 923 1187 1000 inveni-

246 1084 309 1152 re,
337 1076 384 1136 υτ
413 1085 471 1175 ep
501 1055 552 1138 ab
582 1046 645 1176 ipr
664 1050 817 1167 streete,
847 1055 914 1140 sed
936 1081 982 1140 ut
1004 1087 1091 1176 pe,
1114 1074 1183 1181 'pe

247 1222 321 1303 pro
351 1187 511 1317 ip1,sic
541 1196 710 1278 aliarum
733 1198 937 1280 vocalium
959 1193 1183 1306 frequentes

247 1335 378 1434 vices,
408 1357 453 1417 υτ
482 1336 523 1416 in
555 1367 684 1445 eam,
724 1368 852 1446 enm,
896 1367 1028 1447 eous,
1071 1367 1217 1446 eum*

248 1472 428 1585 definire,
457 1482 697 1578 constituam
726 1498 814 1560 tum
855 1501 958 1583 quae
997 1469 1186 1556 thematis

248 1611 520 1720 duplicatione
542 1610 665 1728 fiunt,
686 1617 873 1735 llopllep
890 1626 1106 1736 ,depllusp
1127 1614 1188 1696 ab·

239 1749 399 1862 jiciendi
432 1752 664 1846 notatione,
689 1783 936 1847 noussen,
958 1783 1184 1860 nentrum
1212 1783 1215 1788 ·

246 1891 428 1988 tenendi,
459 1921 681 2003 gungen‚
716 1920 921 2001 gengulfi
953 1897 1185 2004 praecepien-

247 2026 313 2123 di,
353 2048 394 2108 et
435 2053 540 2135 quae
577 2027 799 2108 adsciscunt
827 2019 909 2117 ori
947 2026 1016 2112 vel
1044 2029 1181 2136 aliquo
1270 2121 1273 2128 ⁴

247 2165 544 2280 significationis
565 2158 811 2268 discrimine,
833 2193 879 2253 ut
904 2161 1037 2259 moui
1057 2164 1184 2281 furari

247 2332 271 2387 a
294 2296 341 2394 (τ
361 2313 542 2422 accipere,
563 2306 630 2390 vel
653 2305 794 2408 nullu,
816 2331 862 2392 ut
884 2297 1016 2422 gros?
1039 2332 1111 2416 pro
1133 2339 1207 2422 gs
1263 2313 1266 2318 ’

240 2446 434 2559 pmjicere,
464 2470 634 2556 ecquae
665 2445 838 2556 plurima
867 2449 1186 2558 praetermitten-

246 2581 299 2664 da
326 2587 496 2668 omnino
524 2586 626 2668 mihi
653 2613 771 2669 sunt.

328 2723 419 2810 Jarn
448 2731 556 2812 eninr
585 2729 635 2812 de
674 2725 877 2837 particulis
915 2729 1087 2812 breviter
1115 2728 1185 2811 di-

212 2921 215 2926 ·
246 2866 443 2970 cendum;
471 2895 575 2976 quae
604 2871 751 2975 partim
780 2863 962 2950 Graecae
981 2888 1110 2986 sunt,
1139 2892 1185 2950 ut

249 3040 394 3099 enrnn
449 2999 615 3124 ἐπειδὴ,
656 3001 741 3097 ius
781 3001 893 3103 situ,
938 2996 1047 3102 ire,
1085 2997 1185 3099 ε’ἱτε,

249 3181 403 3270 nenep
434 3143 595 3274 καὶπερ,
617 3179 813 3258 οτχιοττ
842 3143 922 3258 ὐυχ
945 3138 1055 3243 οἷον,
1075 3143 1184 3251 quod

248 3287 414 3375 Graecis
443 3293 566 3386 etiam
595 3314 653 3378 est
674 3292 783 3374 idem
803 3285 928 3372 ferme
957 3310 1076 3396 atque
1113 3282 1184 3374 ὀυκ

246 3423 363 3528 ὄιον,
404 3460 479 3510 non
523 3429 671 3524 solum,
715 3458 926 3538 ουχωττ
972 3421 1062 3538 ὀυχ1
1096 3417 1184 3520 ὅτι,

249 3601 379 3691 gepa
407 3563 515 3697 dum·
541 3602 653 3683 gisa
682 3567 789 3684 εἰκῆ,
816 3591 892 3651 etc.
909 3580 933 3649 .'
958 3562 1182 3679 Aegyptiae
1209 3629 1211 3633 .

248 3710 458 3821 pleraeque
488 3715 653 3795 nomina
682 3731 775 3793 sunt
808 3705 1093 3795 adverbialiter
1121 3734 1186 3788 ac·

244 3872 387 3957 cepta,
428 3851 494 3932 vel
547 3879 597 3934 cx
641 3851 868 3935 nominibus
910 3850 1183 3959 compositae3
