3022 4724
328 379 387 472 14

213 524 217 530 ’
315 513 363 602 in
396 507 444 599 ea
477 530 704 600 censentur
736 501 943 618 Haeresi,
960 477 1102 631 ¹quatu
1137 501 1260 598 Rara·

317 661 424 755 deus
456 662 533 753 ille
575 655 604 756 J
607 659 763 752 acobus
797 656 979 752 Edessae
1022 657 1262 787 Episcopus

319 812 463 905 medio
496 810 709 906 Ecclesiae
742 839 865 907 sexto
897 813 1043 906 seculo
1076 795 1262 908 dissidiis

318 966 584 1061 debilitatam
609 966 904 1097 defectamque
925 967 1261 1095 propemodum,

318 1127 537 1251 peragrata
568 1150 698 1252 atque
727 1125 895 1215 incensa
928 1123 1127 1215 latissime
1154 1122 1260 1214 Asis
1332 1225 1335 1230 ¹

322 1275 606 1388 Christiani,
625 1280 808 1372 restituit
841 1303 884 1369 et
915 1263 1215 1402 amplificavit.

409 1434 503 1528 *Sed
536 1436 593 1528 de
626 1441 797 1530 nomine
830 1439 914 1563 jam
951 1437 1074 1526 nimis
1107 1433 1262 1528 multa.

320 1587 393 1681 De
427 1588 670 1716 Coptorum
703 1590 974 1703 eruditione,
1006 1623 1080 1681 seu
1112 1561 1264 1681 barba,-

319 1746 381 1835 rie
413 1730 586 1870 potius,
628 1779 738 1872 quae
772 1778 885 1836 nunc
919 1771 1012 1857 est,
1052 1778 1100 1836 ac
1131 1744 1267 1836 disci-

321 1896 532 2025 plinarum
575 1902 763 1991 omnium
812 1925 855 1991 et
908 1901 1039 2026 ipsius
1088 1899 1267 2027 linguae

319 2026 529 2176 Copticae
562 2055 727 2144 inscitiai
758 2051 871 2145 nihil
902 2058 1057 2147 attinet
1089 2033 1260 2148 dicere.

322 2201 414 2296 Sub
467 2204 753 2317 Ptolemaeis,
801 2242 850 2301 ac
903 2205 1131 2335 prioribus
1165 2239 1263 2335 post

323 2352 543 2450 Christum
575 2363 726 2454 seculis
759 2398 1014 2492 quamquam
1047 2366 1093 2454 in
1117 2366 1268 2496 Aegy-

323 2538 403 2639 pto
428 2512 691 2610 doctissimus
723 2521 902 2646 quisque
927 2519 1154 2611 instructus
1179 2509 1276 2609 ma·a

324 2664 390 2795 gis
423 2665 689 2763 Graecorum
720 2672 854 2765 literis
886 2700 973 2764 erat
1017 2707 1065 2765 ac
1096 2676 1296 2801 sapien--

291 2905 292 2908 γ
325 2823 411 2935 tii,
443 2857 569 2950 quam
602 2853 793 2918 veterum
819 2816 1159 2958 Aegyptiorum,
1191 2828 1267 2919 ali·

324 2978 419 3104 quis
435 2989 581 3071 ¹tamen
614 2981 752 3075 cultus
785 2986 909 3074 etiam
941 2984 1158 3077 adhibitus
1191 3018 1266 3110 pa-

324 3123 409 3225 trio
442 3122 651 3249 sermoni,
684 3137 822 3263 qualis
854 3165 955 3230 tunc
988 3141 1035 3228 in
1067 3171 1141 3229 ore
1173 3132 1268 3226 vul·

325 3295 372 3422 gi
405 3319 528 3401 erat,
560 3317 604 3384 et
635 3291 859 3385 cultiorum
897 3293 1025 3383 ‘etiam
1067 3290 1114 3380 in
1148 3288 1267 3416 pagis

326 3484 457 3585 atque
490 3457 534 3545 in
568 3454 778 3583 Aegypto
812 3451 1036 3588 interiore.
1071 3449 1159 3537 Ae
1172 3445 1268 3570 pri-

325 3644 397 3702 mo
417 3639 420 3644 ’
438 3613 485 3701 in
506 3611 606 3736 ejus
638 3610 813 3736 gratiam
855 3603 1014 3696 adscita
1052 3604 1266 3736 scriptura
1366 3597 1371 3604 ’

325 3744 460 3874 baec,
504 3757 633 3894 quam
674 3797 753 3856 nos
785 3757 1012 3888 Copticam
1053 3754 1268 3858 dicimus,
