<?xml version="1.0" encoding="UTF-8"?>
<!DOCTYPE html PUBLIC "-//W3C//DTD XHTML 1.0 Transitional//EN"
    "http://www.w3.org/TR/xhtml1/DTD/xhtml1-transitional.dtd">
<html xmlns="http://www.w3.org/1999/xhtml" xml:lang="en" lang="en">
 <head>
  <title>
</title>
<meta http-equiv="Content-Type" content="text/html;charset=utf-8" />
  <meta name='ocr-system' content='tesseract 3.04.00' />
  <meta name='ocr-capabilities' content='ocr_page ocr_carea ocr_par ocr_line ocrx_word'/>
</head>
<body>
  <div class='ocr_page' id='page_1' title='image "./didymitaurinens00calugoog_0074.png"; bbox 0 0 3028 4724; ppageno 0'>
   <div class='ocr_carea' id='block_1_1' title="bbox 1130 389 1178 464">
    <p class='ocr_par' dir='ltr' id='par_1_1' title="bbox 1130 389 1178 464">
     <span class='ocr_line' id='line_1_1' title="bbox 1130 389 1178 464; baseline -0.125 0"><span class='ocrx_word' id='word_1_1' title='bbox 1130 389 1178 464; x_wconf 87' lang='lat'>57</span> 
     </span>
    </p>
   </div>
   <div class='ocr_carea' id='block_1_2' title="bbox 245 491 1304 607">
    <p class='ocr_par' dir='ltr' id='par_1_2' title="bbox 245 491 1304 607">
     <span class='ocr_line' id='line_1_2' title="bbox 245 491 1304 607; baseline -0.012 -16"><span class='ocrx_word' id='word_1_2' title='bbox 245 497 382 592; x_wconf 63' lang='grc' dir='ltr'>(ἔωλπ</span> <span class='ocrx_word' id='word_1_3' title='bbox 422 503 471 582; x_wconf 92' lang='lat' dir='ltr'>sit</span> <span class='ocrx_word' id='word_1_4' title='bbox 513 491 704 591; x_wconf 69' lang='lat' dir='ltr'>ridden·</span> <span class='ocrx_word' id='word_1_5' title='bbox 747 495 874 586; x_wconf 71' lang='lat' dir='ltr'>Atat</span> <span class='ocrx_word' id='word_1_6' title='bbox 912 524 984 606; x_wconf 90' lang='lat' dir='ltr'>pro</span> <span class='ocrx_word' id='word_1_7' title='bbox 1015 530 1044 588; x_wconf 86' lang='lat' dir='ltr'>rr</span> <span class='ocrx_word' id='word_1_8' title='bbox 1091 525 1180 607; x_wconf 81' lang='lat' dir='ltr'>pas·</span> <span class='ocrx_word' id='word_1_9' title='bbox 1300 503 1304 511; x_wconf 87' lang='lat'><em>&#39;</em></span> 
     </span>
    </p>
   </div>
   <div class='ocr_carea' id='block_1_3' title="bbox 241 638 1185 1872">
    <p class='ocr_par' dir='ltr' id='par_1_3' title="bbox 241 638 1185 1872">
     <span class='ocr_line' id='line_1_3' title="bbox 243 638 1185 754; baseline 0.016 -33"><span class='ocrx_word' id='word_1_10' title='bbox 243 643 342 738; x_wconf 84' lang='lat' dir='ltr'>sim,</span> <span class='ocrx_word' id='word_1_11' title='bbox 369 638 597 746; x_wconf 88' lang='lat' dir='ltr'>praesertim</span> <span class='ocrx_word' id='word_1_12' title='bbox 626 658 720 718; x_wconf 88' lang='lat' dir='ltr'>ante</span> <span class='ocrx_word' id='word_1_13' title='bbox 759 645 816 742; x_wconf 72' lang='lat' dir='ltr'>ri,</span> <span class='ocrx_word' id='word_1_14' title='bbox 844 671 910 733; x_wconf 79' lang='lat' dir='ltr'>rr,</span> <span class='ocrx_word' id='word_1_15' title='bbox 939 669 996 735; x_wconf 67' lang='grc' dir='ltr'>Π,</span> <span class='ocrx_word' id='word_1_16' title='bbox 1025 662 1087 754; x_wconf 69' lang='grc' dir='ltr'>ψ,</span> <span class='ocrx_word' id='word_1_17' title='bbox 1117 664 1185 750; x_wconf 66' lang='grc' dir='ltr'>Ψ,</span> 
     </span>
     <span class='ocr_line' id='line_1_4' title="bbox 243 772 1181 894; baseline -0.001 -32"><span class='ocrx_word' id='word_1_18' title='bbox 243 780 385 888; x_wconf 91' lang='lat' dir='ltr'>quibus</span> <span class='ocrx_word' id='word_1_19' title='bbox 414 804 619 887; x_wconf 90' lang='lat' dir='ltr'>nunquam</span> <span class='ocrx_word' id='word_1_20' title='bbox 655 772 684 866; x_wconf 81' lang='lat' dir='ltr'>ri</span> <span class='ocrx_word' id='word_1_21' title='bbox 713 779 949 886; x_wconf 85' lang='lat' dir='ltr'>praepositio</span> <span class='ocrx_word' id='word_1_22' title='bbox 987 777 1181 894; x_wconf 84' lang='lat' dir='ltr'>praefigi,</span> 
     </span>
     <span class='ocr_line' id='line_1_5' title="bbox 243 909 1181 1024; baseline 0.003 -27"><span class='ocrx_word' id='word_1_23' title='bbox 243 916 310 1000; x_wconf 90' lang='lat' dir='ltr'>sed</span> <span class='ocrx_word' id='word_1_24' title='bbox 331 909 377 1004; x_wconf 70' lang='lat' dir='ltr'>si</span> <span class='ocrx_word' id='word_1_25' title='bbox 404 914 548 1013; x_wconf 86' lang='lat' dir='ltr'>debet,</span> <span class='ocrx_word' id='word_1_26' title='bbox 577 939 680 1024; x_wconf 90' lang='lat' dir='ltr'>quae</span> <span class='ocrx_word' id='word_1_27' title='bbox 709 938 802 997; x_wconf 88' lang='lat' dir='ltr'>ante</span> <span class='ocrx_word' id='word_1_28' title='bbox 823 949 857 1004; x_wconf 79' lang='lat' dir='ltr'>e</span> <span class='ocrx_word' id='word_1_29' title='bbox 887 916 1012 1000; x_wconf 93' lang='lat' dir='ltr'>modo</span> <span class='ocrx_word' id='word_1_30' title='bbox 1033 913 1079 1006; x_wconf 59' lang='grc' dir='ltr'>μ’</span> <span class='ocrx_word' id='word_1_31' title='bbox 1101 940 1181 1019; x_wconf 87' lang='lat' dir='ltr'>est,</span> 
     </span>
     <span class='ocr_line' id='line_1_6' title="bbox 244 1052 1181 1164; baseline 0.006 -27"><span class='ocrx_word' id='word_1_32' title='bbox 244 1056 391 1156; x_wconf 88' lang='lat' dir='ltr'>modo,</span> <span class='ocrx_word' id='word_1_33' title='bbox 420 1077 464 1139; x_wconf 88' lang='lat' dir='ltr'>ut</span> <span class='ocrx_word' id='word_1_34' title='bbox 492 1079 586 1139; x_wconf 89' lang='lat' dir='ltr'>ante</span> <span class='ocrx_word' id='word_1_35' title='bbox 616 1057 785 1164; x_wconf 89' lang='lat' dir='ltr'>reliquas</span> <span class='ocrx_word' id='word_1_36' title='bbox 806 1083 966 1155; x_wconf 88' lang='lat' dir='ltr'>omnes,</span> <span class='ocrx_word' id='word_1_37' title='bbox 995 1052 1045 1147; x_wconf 70' lang='lat' dir='ltr'>ri.</span> <span class='ocrx_word' id='word_1_38' title='bbox 1076 1055 1181 1143; x_wconf 88' lang='lat' dir='ltr'>Prio-</span> 
     </span>
     <span class='ocr_line' id='line_1_7' title="bbox 243 1189 1181 1314; baseline 0.004 -36"><span class='ocrx_word' id='word_1_39' title='bbox 243 1225 334 1281; x_wconf 90' lang='lat' dir='ltr'>rum</span> <span class='ocrx_word' id='word_1_40' title='bbox 362 1220 500 1280; x_wconf 84' lang='lat' dir='ltr'>autem</span> <span class='ocrx_word' id='word_1_41' title='bbox 528 1221 702 1305; x_wconf 89' lang='lat' dir='ltr'>quatuor</span> <span class='ocrx_word' id='word_1_42' title='bbox 722 1189 782 1293; x_wconf 64' lang='lat' dir='ltr'>R,</span> <span class='ocrx_word' id='word_1_43' title='bbox 810 1229 865 1294; x_wconf 88' lang='lat' dir='ltr'>rr,</span> <span class='ocrx_word' id='word_1_44' title='bbox 895 1222 949 1314; x_wconf 69' lang='lat' dir='ltr'>q,</span> <span class='ocrx_word' id='word_1_45' title='bbox 980 1230 1012 1313; x_wconf 87' lang='lat' dir='ltr'>q</span> <span class='ocrx_word' id='word_1_46' title='bbox 1042 1197 1181 1282; x_wconf 88' lang='lat' dir='ltr'>viden-</span> 
     </span>
     <span class='ocr_line' id='line_1_8' title="bbox 243 1331 1180 1454; baseline 0.005 -38"><span class='ocrx_word' id='word_1_47' title='bbox 243 1358 309 1416; x_wconf 91' lang='lat' dir='ltr'>tur</span> <span class='ocrx_word' id='word_1_48' title='bbox 338 1336 420 1419; x_wconf 92' lang='lat' dir='ltr'>duo</span> <span class='ocrx_word' id='word_1_49' title='bbox 449 1369 481 1425; x_wconf 78' lang='grc' dir='ltr'><strong>η</strong></span> <span class='ocrx_word' id='word_1_50' title='bbox 511 1359 612 1454; x_wconf 64' lang='lat' dir='ltr'>etq</span> <span class='ocrx_word' id='word_1_51' title='bbox 652 1331 768 1418; x_wconf 88' lang='lat' dir='ltr'>fuisse</span> <span class='ocrx_word' id='word_1_52' title='bbox 797 1337 1014 1445; x_wconf 87' lang='lat' dir='ltr'>antiquitus</span> <span class='ocrx_word' id='word_1_53' title='bbox 1052 1349 1180 1421; x_wconf 89' lang='lat' dir='ltr'>unum</span> 
     </span>
     <span class='ocr_line' id='line_1_9' title="bbox 242 1473 1180 1586; baseline 0.007 -29"><span class='ocrx_word' id='word_1_54' title='bbox 242 1474 430 1585; x_wconf 85' lang='lat' dir='ltr'>idemque</span> <span class='ocrx_word' id='word_1_55' title='bbox 457 1477 730 1575; x_wconf 87' lang='lat' dir='ltr'>elementum,</span> <span class='ocrx_word' id='word_1_56' title='bbox 760 1476 871 1586; x_wconf 92' lang='lat' dir='ltr'>quod</span> <span class='ocrx_word' id='word_1_57' title='bbox 902 1473 1094 1562; x_wconf 83' lang='lat' dir='ltr'>Hebraeis</span> <span class='ocrx_word' id='word_1_58' title='bbox 1124 1489 1180 1564; x_wconf 63' lang='grc' dir='ltr'>Β.</span> 
     </span>
     <span class='ocr_line' id='line_1_10' title="bbox 242 1609 1181 1734; baseline 0.014 -42"><span class='ocrx_word' id='word_1_59' title='bbox 242 1609 527 1699; x_wconf 86' lang='lat' dir='ltr'>Permutantur</span> <span class='ocrx_word' id='word_1_60' title='bbox 554 1640 691 1701; x_wconf 88' lang='lat' dir='ltr'>autem</span> <span class='ocrx_word' id='word_1_61' title='bbox 720 1644 804 1734; x_wconf 88' lang='lat' dir='ltr'>non</span> <span class='ocrx_word' id='word_1_62' title='bbox 831 1618 957 1702; x_wconf 91' lang='lat' dir='ltr'>modo</span> <span class='ocrx_word' id='word_1_63' title='bbox 983 1621 1181 1720; x_wconf 89' lang='lat' dir='ltr'>invicem,</span> 
     </span>
     <span class='ocr_line' id='line_1_11' title="bbox 241 1752 1181 1872; baseline 0.005 -39"><span class='ocrx_word' id='word_1_64' title='bbox 241 1752 310 1836; x_wconf 89' lang='lat' dir='ltr'>sed</span> <span class='ocrx_word' id='word_1_65' title='bbox 346 1781 440 1836; x_wconf 91' lang='lat' dir='ltr'>cum</span> <span class='ocrx_word' id='word_1_66' title='bbox 482 1766 515 1848; x_wconf 64' lang='grc' dir='ltr'>Β</span> <span class='ocrx_word' id='word_1_67' title='bbox 556 1777 597 1837; x_wconf 87' lang='lat' dir='ltr'>et</span> <span class='ocrx_word' id='word_1_68' title='bbox 642 1789 708 1872; x_wconf 79' lang='lat' dir='ltr'>q,</span> <span class='ocrx_word' id='word_1_69' title='bbox 760 1783 1042 1863; x_wconf 84' lang='lat' dir='ltr'>quamquam,</span> <span class='ocrx_word' id='word_1_70' title='bbox 1091 1757 1181 1840; x_wconf 79' lang='lat' dir='ltr'>meri</span> 
     </span>
    </p>
   </div>
   <div class='ocr_carea' id='block_1_4' title="bbox 242 1882 1412 2002">
    <p class='ocr_par' dir='ltr' id='par_1_4' title="bbox 242 1882 1412 2002">
     <span class='ocr_line' id='line_1_12' title="bbox 242 1882 1412 2002; baseline 0.009 -31"><span class='ocrx_word' id='word_1_71' title='bbox 242 1890 454 1989; x_wconf 77' lang='lat' dir='ltr'>sententid,</span> <span class='ocrx_word' id='word_1_72' title='bbox 491 1890 570 1974; x_wconf 93' lang='lat' dir='ltr'>hoc</span> <span class='ocrx_word' id='word_1_73' title='bbox 610 1892 844 2002; x_wconf 91' lang='lat' dir='ltr'>plerumque</span> <span class='ocrx_word' id='word_1_74' title='bbox 885 1894 1016 1980; x_wconf 90' lang='lat' dir='ltr'>minus</span> <span class='ocrx_word' id='word_1_75' title='bbox 1053 1882 1186 1985; x_wconf 50' lang='lat' dir='ltr'>recte?</span> <span class='ocrx_word' id='word_1_76' title='bbox 1274 1953 1278 1960; x_wconf 35' lang='grc' dir='ltr'>ι</span> <span class='ocrx_word' id='word_1_77' title='bbox 1410 1887 1412 1894; x_wconf 58' lang='grc'><strong>’</strong></span> 
     </span>
    </p>
   </div>
   <div class='ocr_carea' id='block_1_5' title="bbox 122 2031 1295 3954">
    <p class='ocr_par' dir='ltr' id='par_1_5' title="bbox 122 2031 1181 2702">
     <span class='ocr_line' id='line_1_13' title="bbox 241 2031 1181 2136; baseline 0.005 -26"><span class='ocrx_word' id='word_1_78' title='bbox 241 2050 361 2111; x_wconf 83' lang='lat' dir='ltr'>etex</span> <span class='ocrx_word' id='word_1_79' title='bbox 391 2031 746 2136; x_wconf 83' lang='lat' dir='ltr'>pronunciatione,</span> <span class='ocrx_word' id='word_1_80' title='bbox 776 2059 822 2112; x_wconf 89' lang='lat' dir='ltr'>ac</span> <span class='ocrx_word' id='word_1_81' title='bbox 852 2034 1062 2115; x_wconf 84' lang='lat' dir='ltr'>recentiori</span> <span class='ocrx_word' id='word_1_82' title='bbox 1091 2033 1181 2117; x_wconf 89' lang='lat' dir='ltr'>ba&#39;r-</span> 
     </span>
     <span class='ocr_line' id='line_1_14' title="bbox 238 2165 1181 2280; baseline 0.002 -29"><span class='ocrx_word' id='word_1_83' title='bbox 238 2168 372 2280; x_wconf 85' lang='lat' dir='ltr'>barie,</span> <span class='ocrx_word' id='word_1_84' title='bbox 393 2165 733 2252; x_wconf 81' lang='lat' dir='ltr'>Thebaidensium</span> <span class='ocrx_word' id='word_1_85' title='bbox 756 2170 950 2267; x_wconf 86' lang='lat' dir='ltr'>maxime,</span> <span class='ocrx_word' id='word_1_86' title='bbox 975 2171 1044 2276; x_wconf 90' lang='lat' dir='ltr'>qui</span> <span class='ocrx_word' id='word_1_87' title='bbox 1065 2193 1181 2253; x_wconf 89' lang='lat' dir='ltr'>vetu-</span> 
     </span>
     <span class='ocr_line' id='line_1_15' title="bbox 242 2309 1181 2426; baseline 0.006 -36"><span class='ocrx_word' id='word_1_88' title='bbox 242 2311 291 2391; x_wconf 87' lang='lat' dir='ltr'>sti</span> <span class='ocrx_word' id='word_1_89' title='bbox 319 2311 512 2393; x_wconf 89' lang='lat' dir='ltr'>sermonis</span> <span class='ocrx_word' id='word_1_90' title='bbox 540 2309 711 2424; x_wconf 87' lang='lat' dir='ltr'>origines</span> <span class='ocrx_word' id='word_1_91' title='bbox 751 2331 793 2392; x_wconf 89' lang='lat' dir='ltr'>et</span> <span class='ocrx_word' id='word_1_92' title='bbox 821 2312 1019 2393; x_wconf 88' lang='lat' dir='ltr'>rationem</span> <span class='ocrx_word' id='word_1_93' title='bbox 1047 2337 1181 2426; x_wconf 85' lang='lat' dir='ltr'>gram·-</span> 
     </span>
     <span class='ocr_line' id='line_1_16' title="bbox 122 2445 1180 2563; baseline 0.007 -33"><span class='ocrx_word' id='word_1_94' title='bbox 122 2446 124 2452; x_wconf 64' lang='lat'><em>&#39;</em></span> <span class='ocrx_word' id='word_1_95' title='bbox 242 2453 432 2535; x_wconf 86' lang='lat' dir='ltr'>maricam</span> <span class='ocrx_word' id='word_1_96' title='bbox 471 2481 536 2536; x_wconf 87' lang='lat' dir='ltr'>sus</span> <span class='ocrx_word' id='word_1_97' title='bbox 573 2445 717 2563; x_wconf 88' lang='lat' dir='ltr'>deque</span> <span class='ocrx_word' id='word_1_98' title='bbox 744 2450 928 2540; x_wconf 87' lang='lat' dir='ltr'>habitam</span> <span class='ocrx_word' id='word_1_99' title='bbox 964 2453 1180 2540; x_wconf 90' lang='lat' dir='ltr'>obscurant</span> 
     </span>
     <span class='ocr_line' id='line_1_17' title="bbox 241 2620 487 2702; baseline 0.012 -30"><span class='ocrx_word' id='word_1_100' title='bbox 241 2620 380 2702; x_wconf 86' lang='lat' dir='ltr'>saepe.</span> <span class='ocrx_word' id='word_1_101' title='bbox 484 2641 487 2646; x_wconf 74' lang='lat'><em>,</em></span> 
     </span>
    </p>

    <p class='ocr_par' dir='ltr' id='par_1_6' title="bbox 175 2725 1295 3954">
     <span class='ocr_line' id='line_1_18' title="bbox 262 2725 1179 2841; baseline 0.007 -33"><span class='ocrx_word' id='word_1_102' title='bbox 262 2763 265 2772; x_wconf 89' lang='lat'>·</span> <span class='ocrx_word' id='word_1_103' title='bbox 325 2725 482 2812; x_wconf 84' lang='lat' dir='ltr'>Saidica</span> <span class='ocrx_word' id='word_1_104' title='bbox 523 2729 716 2813; x_wconf 86' lang='lat' dir='ltr'>dialectus</span> <span class='ocrx_word' id='word_1_105' title='bbox 758 2727 955 2812; x_wconf 86' lang='lat' dir='ltr'>leniorem</span> <span class='ocrx_word' id='word_1_106' title='bbox 996 2733 1179 2841; x_wconf 86' lang='lat' dir='ltr'>spiritum</span> 
     </span>
     <span class='ocr_line' id='line_1_19' title="bbox 240 2865 1179 2977; baseline 0.001 -30"><span class='ocrx_word' id='word_1_107' title='bbox 240 2869 374 2962; x_wconf 86' lang='lat' dir='ltr'>amat,</span> <span class='ocrx_word' id='word_1_108' title='bbox 414 2865 595 2974; x_wconf 88' lang='lat' dir='ltr'>adeoque</span> <span class='ocrx_word' id='word_1_109' title='bbox 632 2897 666 2953; x_wconf 75' lang='grc' dir='ltr'>τι</span> <span class='ocrx_word' id='word_1_110' title='bbox 696 2891 768 2970; x_wconf 91' lang='lat' dir='ltr'>pro</span> <span class='ocrx_word' id='word_1_111' title='bbox 797 2888 855 2977; x_wconf 71' lang='grc' dir='ltr'>φ,</span> <span class='ocrx_word' id='word_1_112' title='bbox 892 2885 939 2945; x_wconf 73' lang='lat' dir='ltr'>et‘</span> <span class='ocrx_word' id='word_1_113' title='bbox 971 2866 1179 2973; x_wconf 79' lang='lat' dir='ltr'>plerasque</span> 
     </span>
     <span class='ocr_line' id='line_1_20' title="bbox 240 3000 1181 3114; baseline 0.001 -27"><span class='ocrx_word' id='word_1_114' title='bbox 240 3007 409 3088; x_wconf 89' lang='lat' dir='ltr'>leniores</span> <span class='ocrx_word' id='word_1_115' title='bbox 437 3002 663 3114; x_wconf 86' lang='lat' dir='ltr'>frequentes</span> <span class='ocrx_word' id='word_1_116' title='bbox 699 3000 825 3086; x_wconf 87' lang='lat' dir='ltr'>habet</span> <span class='ocrx_word' id='word_1_117' title='bbox 864 3031 935 3112; x_wconf 89' lang='lat' dir='ltr'>pro</span> <span class='ocrx_word' id='word_1_118' title='bbox 964 3006 1181 3113; x_wconf 86' lang='lat' dir='ltr'>aspiratio-</span> 
     </span>
     <span class='ocr_line' id='line_1_21' title="bbox 175 3139 1179 3252; baseline 0.005 -29"><span class='ocrx_word' id='word_1_119' title='bbox 175 3139 1179 3252; x_wconf 47' lang='lat' dir='ltr'>rmssmffinmffixmffim</span> 
     </span>
     <span class='ocr_line' id='line_1_22' title="bbox 238 3276 1295 3398; baseline -0.004 -32"><span class='ocrx_word' id='word_1_120' title='bbox 238 3311 392 3393; x_wconf 84' lang='lat' dir='ltr'>semper</span> <span class='ocrx_word' id='word_1_121' title='bbox 419 3316 455 3398; x_wconf 72' lang='lat' dir='ltr'>g</span> <span class='ocrx_word' id='word_1_122' title='bbox 485 3311 556 3392; x_wconf 85' lang='lat' dir='ltr'>pro</span> <span class='ocrx_word' id='word_1_123' title='bbox 584 3295 649 3383; x_wconf 62' lang='grc' dir='ltr'>φ.</span> <span class='ocrx_word' id='word_1_124' title='bbox 687 3276 841 3364; x_wconf 87' lang='lat' dir='ltr'>Eadem</span> <span class='ocrx_word' id='word_1_125' title='bbox 869 3304 1007 3364; x_wconf 88' lang='lat' dir='ltr'>tamen</span> <span class='ocrx_word' id='word_1_126' title='bbox 1035 3307 1178 3386; x_wconf 84' lang='lat' dir='ltr'>contra</span> <span class='ocrx_word' id='word_1_127' title='bbox 1293 3385 1295 3390; x_wconf 16' lang='grc' dir='ltr'>Ι</span> 
     </span>
     <span class='ocr_line' id='line_1_23' title="bbox 240 3415 1178 3530; baseline 0.013 -27"><span class='ocrx_word' id='word_1_128' title='bbox 240 3447 403 3529; x_wconf 85' lang='lat' dir='ltr'>usurpat</span> <span class='ocrx_word' id='word_1_129' title='bbox 430 3449 546 3530; x_wconf 87' lang='lat' dir='ltr'>saepe</span> <span class='ocrx_word' id='word_1_130' title='bbox 575 3416 620 3510; x_wconf 61' lang='grc' dir='ltr'><em>ὅ</em></span> <span class='ocrx_word' id='word_1_131' title='bbox 638 3447 708 3527; x_wconf 88' lang='lat' dir='ltr'>pro</span> <span class='ocrx_word' id='word_1_132' title='bbox 737 3453 801 3517; x_wconf 81' lang='lat' dir='ltr'>rr,</span> <span class='ocrx_word' id='word_1_133' title='bbox 831 3420 938 3504; x_wconf 91' lang='lat' dir='ltr'>unde</span> <span class='ocrx_word' id='word_1_134' title='bbox 967 3415 1178 3515; x_wconf 61' lang='lat' dir='ltr'>stridone</span> 
     </span>
     <span class='ocr_line' id='line_1_24' title="bbox 241 3553 1179 3676; baseline 0.002 -35"><span class='ocrx_word' id='word_1_135' title='bbox 241 3556 458 3676; x_wconf 80' lang='lat' dir='ltr'>(iniquitas)</span> <span class='ocrx_word' id='word_1_136' title='bbox 488 3589 560 3670; x_wconf 90' lang='lat' dir='ltr'>pro</span> <span class='ocrx_word' id='word_1_137' title='bbox 582 3557 850 3669; x_wconf 88' lang='lat' dir='ltr'>Memphitico</span> <span class='ocrx_word' id='word_1_138' title='bbox 877 3553 1109 3659; x_wconf 64' lang='lat' dir='ltr'>(tirasone,</span> <span class='ocrx_word' id='word_1_139' title='bbox 1138 3583 1179 3644; x_wconf 92' lang='lat' dir='ltr'>et</span> 
     </span>
     <span class='ocr_line' id='line_1_25' title="bbox 215 3691 1177 3809; baseline 0 -29"><span class='ocrx_word' id='word_1_140' title='bbox 215 3691 440 3781; x_wconf 72' lang='lat' dir='ltr'>*interdum</span> <span class='ocrx_word' id='word_1_141' title='bbox 468 3733 504 3808; x_wconf 57' lang='grc' dir='ltr'>ῳ</span> <span class='ocrx_word' id='word_1_142' title='bbox 536 3728 607 3807; x_wconf 93' lang='lat' dir='ltr'>pro</span> <span class='ocrx_word' id='word_1_143' title='bbox 637 3730 691 3796; x_wconf 88' lang='lat' dir='ltr'>c,</span> <span class='ocrx_word' id='word_1_144' title='bbox 720 3697 913 3809; x_wconf 88' lang='lat' dir='ltr'>additque</span> <span class='ocrx_word' id='word_1_145' title='bbox 943 3696 1054 3786; x_wconf 90' lang='lat' dir='ltr'>haud</span> <span class='ocrx_word' id='word_1_146' title='bbox 1084 3726 1177 3781; x_wconf 89' lang='lat' dir='ltr'>raro</span> 
     </span>
     <span class='ocr_line' id='line_1_26' title="bbox 232 3833 1018 3954; baseline 0.005 -40"><span class='ocrx_word' id='word_1_147' title='bbox 232 3869 279 3950; x_wconf 63' lang='lat' dir='ltr'>„g</span> <span class='ocrx_word' id='word_1_148' title='bbox 305 3838 374 3919; x_wconf 90' lang='lat' dir='ltr'>ubi</span> <span class='ocrx_word' id='word_1_149' title='bbox 403 3837 530 3922; x_wconf 89' lang='lat' dir='ltr'>nulla·</span> <span class='ocrx_word' id='word_1_150' title='bbox 546 3833 781 3946; x_wconf 83' lang='lat' dir='ltr'>Memphitis</span> <span class='ocrx_word' id='word_1_151' title='bbox 810 3837 1018 3954; x_wconf 81' lang='lat' dir='ltr'>aspiratio.</span> 
     </span>
    </p>
   </div>
   <div class='ocr_carea' id='block_1_6' title="bbox 0 0 1518 4724">
    <p class='ocr_par' dir='ltr' id='par_1_7' title="bbox 0 0 1518 4724">
     <span class='ocr_line' id='line_1_27' title="bbox 0 0 1518 4724; baseline 0 1"><span class='ocrx_word' id='word_1_152' title='bbox 0 0 1518 4724; x_wconf 95' lang='lat' dir='ltr'> </span> 
     </span>
    </p>
   </div>
  </div>
 </body>
</html>
