3028 4724
339 349 413 428 118

332 483 402 582 ad,
423 471 642 572 ιὶηωὶθο
672 483 716 563 al
739 487 814 561 mio
835 473 994 598 cospirro
1004 535 1020 576 ,
1047 513 1270 581 catamare,

332 611 579 711 sinexdeo
609 649 728 700 coram
751 646 787 700 te
814 644 911 702 etc..
928 615 1112 718 ,Additur
1133 649 1270 707 autem

331 760 480 868 saepius
508 752 655 856 diois,
684 751 904 876 nineueo
935 750 1054 852 e‘non
1082 754 1203 878 siqi·
1230 772 1271 848 ia

332 932 521 1020 conspectu
549 901 652 1001 Dei,
681 902 787 1011 quod
827 892 955 993 enon
985 902 1174 1011 explicari
1203 933 1273 1013 po-

273 1117 275 1124 .
332 1055 408 1125 t'est
427 1043 581 1156 palam,
609 1063 654 1124 ut
683 1044 900 1125 innumeris
928 1043 1015 1124 aliis
1044 1044 1173 1140 locis,
1202 1046 1272 1128 ubi

288 1161 290 1165 ⁵
332 1181 554 1267 redundare
599 1179 782 1265 videtur.
830 1179 963 1290 Atque
1005 1206 1061 1266 est
1083 1165 1130 1264 'a
1172 1195 1270 1274 3ολ

335 1316 489 1435 (deis,
518 1329 642 1421 dui,
671 1316 807 1432 nun)
836 1323 1044 1417 absolvere,
1073 1324 1272 1424 dimittere,

334 1458 463 1554 ἑᾶολ
484 1458 619 1578 foras,
647 1491 777 1558 extra,
799 1465 961 1578 palam,
1005 1492 1149 1574 nempe
1189 1495 1271 1576 quo

334 1603 492 1688 dimissa
521 1600 742 1710 prodeunt,
771 1601 838 1686 vel
870 1631 1044 1717 prorsus,
1083 1603 1272 1688 absolute.

334 1737 511 1824 Saidicus
554 1727 656 1826 nihil
685 1737 840 1841 differt,
877 1743 949 1824 nisi
978 1743 1094 1826 litera
1121 1779 1159 1834 τ
1200 1775 1273 1856 pro

337 1913 398 1977 e,
428 1876 479 1960 de
507 1875 586 1988 qui
613 1878 768 1963 dictum
796 1908 935 1990 saepe.

422 2014 554 2126 Atque
583 2013 683 2102 haec
714 2046 842 2127 pauca
870 2021 919 2104 de
948 2021 1109 2125 multis3
1138 2051 1186 2108 ea
1215 2025 1291 2114 ta?

337 2184 456 2254 men,
485 2185 588 2267 quae
615 2158 686 2266 qui
715 2156 888 2241 studiose
918 2159 1148 2275 perlegerit,
1162 2163 1274 2259 satis,

337 2297 544 2395 arbitror,
588 2295 750 2380 accedet
795 2300 1007 2382 instructus
1057 2301 1110 2384 ad
1154 2301 1274 2384 libros

337 2433 554 2550 Aegyptios
590 2464 684 2518 cum
712 2411 1037 2548 interpretatione
1074 2435 1277 2522 conferen-

338 2578 438 2677 dos,
467 2577 538 2684 vel¹
564 2605 657 2660 cum
690 2599 828 2676 textu,
857 2568 979 2687 quem
1007 2579 1201 2681 reddunt,
1223 2579 1275 2665 fut

334 2723 433 2808 inde
463 2722 644 2838 linguam
686 2720 835 2804 discat.
876 2715 977 2802 Satis
1021 2741 1157 2803 autem
1195 2720 1276 2802 scio

339 2863 422 2948 fore
451 2865 663 2946 neminem·
679 2854 875 2941 Hebraice
897 2857 1063 2942 doctum
1092 2877 1132 2938 et
1155 2851 1277 2938 Grae·

208 3009 221 3038 ·’
340 3029 405 3101 ce,
423 3002 503 3112 qui
533 2999 647 3108 plura
677 2984 873 3106 postulet,¹
902 3016 947 3078 ut
975 2990 1184 3103 pervideat¹
1209 3022 1279 3076 na·
1315 3109 1318 3114 Ι

340 3164 473 3224 turam
502 3164 623 3247 atque
653 3137 861 3249 ingenium
902 3135 1090 3218 sermonis
1119 3130 1278 3242 Coptici

341 3284 558 3389 discrepare
588 3303 628 3361 et
658 3277 797 3386 procul
827 3276 1036 3372 abscedere
1078 3277 1129 3358 ab
1159 3297 1279 3358 utro-

340 3450 417 3532 que
462 3421 652 3504 idiomate
696 3413 855 3500 Graeco
905 3440 1026 3525 atque
1067 3411 1279 3514 Hebrae0,
1377 3439 1379 3441 ·
1494 3505 1495 3514 q

339 3561 503 3672 perinde
532 3559 656 3645 ferme
686 3584 807 3668 atque
837 3558 937 3642 haec
961 3555 1148 3641 dissident
1173 3557 1280 3636 inter

342 3731 408 3785 se.
452 3700 589 3806 Quare
628 3701 694 3783 hic
734 3697 856 3783 finem
886 3695 1012 3821 facio.
1055 3689 1141 3777 Nec
1171 3696 1281 3776 enim

343 3869 533 3947 quaeram
562 3869 684 3950 quam
716 3861 819 3947 recte
848 3839 899 3920 cl.
922 3829 1177 3952 de'Guignes
1206 3826 1281 3912 Ae·
