3028 4724
330 331 386 413 94

411 439 595 528 Secunda
614 441 807 527 feminine
828 442 953 528 futuri
972 439 1150 565 epdsrer
1171 475 1278 530 ama·

324 579 383 663 bis
409 604 578 664 accentu
614 579 749 667 differt
786 608 811 663 a
851 567 1029 666 secunda
1057 588 1276 694 praesentis

325 715 508 844 &perrer
537 753 666 821 amas,
695 748 798 830 quae
827 723 1009 806 scribitur
1038 723 1164 806 etiam
1191 754 1276 845 ep·

322 896 441 954 suet.
485 857 671 946 Secunde
708 859 874 970 pluralis
913 859 1115 971 praeteriti
1152 886 1273 970 saepe

306 999 371 1086 ·fit
407 1004 623 1114 praemisso
662 995 696 1090 d
733 1000 930 1084 secundae
974 999 1139 1108 pluralis
1166 1021 1272 1081 tem-

323 1142 429 1253 poris
456 1149 562 1225 taciti
591 1111 886 1254 dre-renutet
915 1145 1132 1222 amavistis.

424 1277 618 1362 Universe
675 1301 816 1363 autem
859 1276 1269 1364 animadvertendum

323 1447 440 1510 notas
481 1423 564 1506 sive
594 1447 877 1530 personarum,
916 1422 1000 1504 sive
1037 1442 1270 1529 tempotum

322 1565 543 1685 significate
587 1565 688 1674 ipsas
729 1592 800 1674 per
846 1592 887 1646 se
930 1590 1144 1673 personam
1193 1585 1268 1645 aut

322 1730 504 1818 tempus,
548 1705 731 1815 adeoque
774 1731 859 1786 non
901 1703 1028 1788 modo
1068 1731 1094 1788 a
1135 1702 1298 1787 verbis·

322 1849 522 1963 disjungi,
559 1848 627 1932 sed
656 1847 835 1959 usurpari
863 1847 947 1932 sine
976 1847 1103 1932 verbo
1133 1875 1269 1957 posse,
1305 1947 1308 1954 ,

321 1989 603 2075 subintellecto
632 1988 759 2071 verbo
786 1985 1060 2086 substantivo,
1091 2009 1137 2070 ut
1164 1986 1268 2070 adeo
1307 2035 1312 2040 ·

322 2144 394 2239 Τ,
430 2163 521 2246 eq>
561 2161 683 2244 fidel,
721 2160 784 2220 eu
823 2148 926 2224 etc.,
964 2125 1161 2209 vertenda
1188 2125 1269 2206 sint

322 2300 428 2366 sum,
466 2296 547 2366 est,
585 2297 688 2366 erar,
725 2295 843 2366 sunt,
886 2265 1051 2377 perinde
1090 2295 1137 2350 ac
1174 2265 1269 2346 scri·
1317 2257 1321 2266 ’

321 2399 441 2520 ptum
469 2430 566 2492 esset
594 2421 709 2516 †or,
747 2441 888 2526 eqor,
926 2438 1099 2526 uersos,
1127 2438 1268 2512 erott

322 2549 431 2636 unde
472 2571 531 2634 est
572 2551 615 2632 in
658 2547 991 2634 affirmationibus
1029 2573 1267 2660 usurpatum

323 2721 382 2783 ce
410 2719 596 2801 surrepto
626 2687 686 2786 ναὶ
721 2687 995 2796 Graecorum,
1033 2696 1108 2776 nisi
1136 2677 1267 2775 melu·
1317 2796 1321 2822 Ι

263 2861 412 2942 ‚umus
440 2831 733 2918 affirmativum
775 2864 831 2928 ce
874 2858 959 2913 non
997 2865 1104 2924 ceos
1142 2833 1267 2915 inter·
1327 2883 1329 2888 -

321 2972 487 3078 pietati,
530 2970 598 3056 sed
635 3003 739 3072 cor,
780 2995 828 3055 ut
857 3003 913 3062 ce
952 2959 1026 3082 prd
1056 3005 1084 3063 c
1120 2997 1268 3056 conve·

297 3109 409 3196 ¹niat
437 3108 557 3216 plane
587 3136 682 3193 cum
711 3104 857 3194 Latino
884 3142 958 3196 est.
988 3110 1098 3198 Nam
1127 3146 1156 3204 e
1185 3143 1266 3224 pes-

321 3244 397 3326 sim
425 3244 588 3329 additur
616 3233 817 3356 explendo
857 3275 1008 3336 vocum
1035 3255 1194 3352 sonitu,
1223 3275 1265 3335 et
1330 3287 1332 3290 ·

322 3405 422 3466 nota
459 3381 682 3494 imperfecti
720 3420 749 3476 tt
792 3389 972 3475 similiter
1014 3392 1097 3476 sine
1139 3391 1281 3475 verbo¹

321 3525 503 3608 scribitur
533 3556 615 3625 tte,
644 3526 759 3612 velut
788 3529 905 3614 initio
933 3525 1145 3645 Evangelii
1165 3525 1267 3612 Sarr-

321 3665 376 3746 cti
402 3661 565 3749 loannis
594 3700 654 3758 rte
684 3701 831 3759 nestri
859 3703 949 3771 ne,
993 3666 1033 3789 ἦν
1062 3667 1086 3762 ὁ
1113 3663 1265 3787 λόἃος,

321 3799 430 3885 idem
465 3831 514 3886 ae
550 3805 581 3930 si
610 3806 802 3918 scriptum
839 3829 937 3894 esset
975 3839 1121 3925 stertet
1141 3881 1146 3886 .
1163 3801 1263 3897 t'trse
