3028 4724
330 357 382 438 90

328 469 416 554 fixis
444 467 592 567 literis,
620 491 791 578 quarum
820 489 924 576 quae
952 489 1137 572 personas
1166 462 1271 546 desi-

328 631 476 728 gnant,
504 629 595 693 sunt
623 605 809 704 eaedem,
836 629 940 714 quae
965 583 1271 710 pronominibus

328 747 396 834 vel
437 747 616 832 articulis
655 745 925 860 suffiguntur.
969 739 1270 851 Simplicissinta

328 907 464 968 autern
481 911 620 968 earum
646 886 748 968 ratio
771 881 872 965 nihil
887 881 1001 966 addit
1021 881 1145 963 verbo
1162 906 1272 988 prae·

330 1048 390 1111 ter
418 1055 639 1112 consonam
664 1027 837 1110 indicem
864 1047 1076 1144 personae,
1106 1049 1139 1106 e.
1167 1049 1206 1138 g·
1237 1053 1269 1112 κ

333 1167 458 1254 verbo
487 1200 535 1260 ot
562 1197 663 1265 esse,
691 1187 739 1248 ut
767 1162 837 1247 fiat
867 1195 944 1256 ttot
972 1195 1012 1246 es
1031 1191 1174 1248 masc..
1202 1159 1269 1246 Sic
1395 1251 1400 1260 ,

335 1339 417 1425 qos
446 1336 589 1406 maso,
611 1339 685 1398 cor
716 1303 808 1390 fem.
830 1333 906 1389 est.
935 1301 1012 1390 Sed
1035 1303 1137 1389 haec
1163 1307 1270 1388 tatio

331 1440 384 1526 ad
408 1465 557 1525 ceteras
579 1469 764 1552 personas
786 1469 868 1525 non
885 1445 1077 1550 pertinet;
1098 1469 1269 1552 quarum

331 1584 447 1666 tertia
477 1582 641 1694 pluralis
673 1581 796 1666 habet
827 1615 884 1675 ca
913 1613 938 1666 a
964 1579 1153 1668 feminini
1180 1587 1271 1666 sin·-

331 1721 461 1836 gulari
492 1753 541 1820 c,
572 1746 617 1806 ut
655 1722 757 1808 adeo
786 1721 886 1806 haec
915 1723 1043 1807 videri
1071 1725 1189 1834 possit
1216 1723 1271 1808 ab

332 1863 538 1980 Aegyptiis
580 1891 768 1976 usurpata
805 1865 1036 1976 pluraliter,
1078 1866 1273 1978 quemad·

330 2007 504 2091 modum
533 2005 635 2088 solet
679 2007 730 2090 ab
758 2003 980 2106 Arabibus,
1021 2009 1136 2090 velut
1175 2037 1271 2092 cum

333 2143 473 2228 dicunt
501 2123 680 2256 pnlsll
716 2121 878 2279 &laio
910 2121 942 2222 ll
975 2125 1136 2265 ύὼὲρ
1167 2128 1271 2262 pall

332 2283 443 2392 quod
472 2279 625 2368 Graece
664 2283 759 2368 licet
799 2287 1014 2380 verteresl
991 2283 1138 2380 ὁᾶνὲν
1137 2319 1270 2410 ρωπος

334 2417 577 2540 ἁμαρτήσει,
619 2418 754 2534 ὀυχ
730 2451 884 2540 αμαρτη
874 2419 944 2514 ’σει
981 2420 1033 2516 τὰ
1064 2420 1273 2550 Srs'otpolo,

333 2555 476 2642 Latine
505 2559 682 2642 secundo
713 2558 803 2642 loco
833 2561 989 2668 plurale
1017 2566 1187 2647 omnino
1213 2585 1274 2648 est

334 2699 608 2808 usurpandum
635 2699 744 2782 homo
772 2727 888 2794 error,
916 2729 990 2780 non
1018 2729 1137 2784 errant
1155 2698 1272 2816 saro.

333 2835 453 2924 Ratio
481 2859 645 2938 autem,
674 2860 715 2922 et
744 2835 873 2954 figura
901 2838 1093 2922 orationis
1129 2837 1272 2923 eadem

334 2979 625 3096 Aegyptiorum
666 2974 812 3076 fuerit,
850 3004 953 3086 quae
996 2972 1273 3075 Graecorum,
1403 3071 1408 3076 Ι
1503 3007 1504 3054 ;

334 3147 427 3205 cunr
457 3122 589 3204 vicem
616 3119 792 3201 neutrius
821 3120 976 3232 generis
1005 3116 1112 3229 apud
1140 3114 1273 3230 Aegy·¹
1330 3111 1332 3116 ’

334 3261 435 3370 ptios
464 3256 703 3342 femininum
731 3255 914 3364 expleat,
956 3280 1003 3338 ut
1039 3253 1146 3362 apud
1174 3249 1273 3334 Ara-¹

334 3402 401 3486 bes
429 3423 549 3511 atque
571 3395 796 3483 Hebraeos.
827 3395 904 3492 Pro
933 3397 1069 3482 ceteris
1098 3393 1273 3504 peoeonis

334 3567 455 3628 notae
492 3545 666 3654 ipsarum
706 3542 1044 3650 praemittendum
1080 3563 1138 3623 est
1176 3569 1275 3640 τε,

333 3686 445 3794 quod
472 3688 554 3770 sine
582 3687 668 3771 ullo
689 3709 916 3770 assumento
946 3684 1110 3768 inservit
1138 3707 1273 3765 secun·

334 3825 407 3908 dae
436 3821 651 3912 femininae
679 3829 806 3942 sing„
844 3834 954 3938 cujus
983 3850 1041 3910 est
1077 3821 1273 3908 indicium
