3028 4724
327 359 379 458 ⁸4
408 491 544 593 Nam,
578 493 691 604 quod
719 483 851 575 Varro
886 498 969 604 jam
1006 491 1165 573 monuit
1192 482 1266 608 (ἢ

324 628 617 746 Aegyptiorum
656 631 856 716 vocabula
896 632 1060 746 singulis
1101 654 1266 715 rantum

322 769 511 854 dicuntur
536 771 714 872 casibus,
750 801 797 856 ac
828 799 912 855 non
942 771 1067 856 modo
1094 799 1264 874 eorum,

321 910 393 1017 qui
421 909 670 1017 peculiariter
695 933 897 994 vocantur
925 938 1059 1010 casus,
1087 909 1265 994 declina-

320 1051 432 1134 tione
468 1074 627 1149 carent,
668 1076 715 1136 ut
744 1048 952 1152 Hebraei,
995 1051 1063 1136 sed
1091 1079 1165 1136 nec
1193 1077 1266 1166 go·

321 1218 421 1290 nus,
450 1218 523 1275 nec
551 1217 765 1275 numerum
792 1188 987 1274 mutandi
1014 1193 1265 1274 terminatio·

321 1355 374 1410 ne
409 1329 706 1412 discriminant.
752 1325 1017 1440 Quamquam
1051 1353 1145 1411 sunt
1183 1326 1265 1412 for-

320 1493 413 1550 mae
434 1466 646 1548 nominum
676 1466 883 1549 interdum
913 1492 986 1574 pro
1007 1493 1103 1549 sexu
1131 1466 1264 1549 diver·

320 1631 410 1704 sae,
448 1628 494 1687 ut
531 1639 645 1728 sumpt
674 1601 817 1716 filius,
861 1637 975 1726 mepr
1007 1602 1129 1715 filia,
1168 1635 1262 1695 con

312 1745 454 1862 stater,
481 1777 595 1836 cmm
625 1774 743 1844 soror,
774 1775 903 1868 oropo
932 1773 1016 1841 rex,
1046 1774 1178 1865 orepiu
1207 1773 1263 1824 re-

316 1895 434 2004 gina,
462 1897 563 1976 nur<
590 1917 739 1985 servus,
768 1897 884 1976 burm
912 1886 1074 1983 ancilla,
1103 1916 1262 1999 gorsa·

313 2031 479 2140 primus,
500 2016 666 2138 gonli-
677 2032 824 2140 prima,
855 2058 975 2136 χετ
995 2027 1113 2123 alius,
1134 2038 1263 2138 χεῖ·

309 2169 423 2267 alia,
460 2191 501 2250 et
530 2190 689 2264 cetera,
724 2193 829 2275 quae
856 2166 1017 2248 docebit
1045 2189 1160 2248 usus.
1201 2162 1262 2247 Ac

318 2305 411 2388 satis
439 2303 570 2386 multa
600 2303 763 2412 pluralis
792 2301 1020 2387 diversitate
1058 2299 1262 2414 gaudent,

296 2539 300 2548 Ι
319 2443 429 2526 aucti
449 2442 686 2551 plerumque
707 2446 954 2558 paragogicis
975 2480 1016 2543 r,
1036 2473 1128 2543 on,
1156 2435 1258 2552 otri,

318 2610 493 2694 quarum
534 2579 663 2695 gratia
704 2608 821 2691 saepe
863 2583 1016 2691 aliquid
1058 2605 1262 2691 praeterea

318 2747 501 2808 mutatur
543 2725 585 2805 in
625 2725 818 2824 vocibus,
860 2753 959 2835 quas
998 2721 1120 2834 Copti
1164 2752 1263 2810 cum

318 2883 472 2976 augent
500 2863 542 2944 in
570 2859 677 2961 fine,
705 2861 945 2948 contrahere
975 2888 1116 2947 amant
1142 2866 1263 2947 omis·

318 3001 359 3084 si
385 3004 454 3087 vel
482 3001 659 3089 breviati
687 3004 801 3087 literi
829 3003 962 3114 aliqud
989 3003 1261 3116 praecedenti.

318 3135 416 3220 Non
446 3166 656 3248 nunquam
685 3164 825 3224 tamen
853 3145 1013 3226 variant
1048 3143 1186 3244 aliter,
1213 3163 1262 3227 ut

316 3278 509 3386 exemplis
538 3282 791 3390 sequentibus
820 3285 1074 3392 perspicuum
1100 3280 1195 3366 fiet.

401 3413 566 3504 Habent
594 3421 742 3535 igitur,
783 3419 919 3505 additi
945 3457 989 3520 r,
1030 3452 1109 3511 aaa
1135 3419 1261 3516 locus,

314 3551 488 3679 panna&
527 3561 657 3661 dives,
697 3569 872 3664 ,Φελλο
911 3591 1050 3663 senex,
1089 3559 1260 3670 pluralia

375 3851 426 3936 (⁴)
446 3859 496 3921 De
515 3861 630 3942 Lingua
649 3865 757 3927 larba
776 3861 833 3928 lib·
853 3867 927 3928 vri.
