3028 4724
1111 348 1167 451 ⁶7

225 521 324 593 esse,
360 521 409 579 ac
437 490 578 576 naturi
613 490 820 578 dissimiles
850 488 1170 608 Aegyptiarum.

225 631 450 719 Assumitur
491 657 642 715 nomen
682 624 889 714 Graecum
931 629 1171 740 plerumque

224 777 323 861 recti
350 804 483 875 casus,
511 775 670 858 numeri
690 772 922 887 singularis,
950 771 1063 881 quod
1082 771 1174 857 nul-

224 916 264 1002 u
291 917 436 1001 deinde
465 944 576 1002 casus
604 916 842 1023 numerique
883 910 1020 995 habiti
1047 914 1172 998 ratio·

226 1085 278 1140 ne
305 1137 308 1142 ,
330 1055 544 1142 adhibetur
595 1078 807 1162 tamquam
858 1048 1171 1134 indeclinabile.

228 1193 552 1306 Nonnumquam
593 1195 794 1307 genitivus
833 1167 1032 1287 occurrit,¹
1071 1188 1174 1272 dati·-

227 1367 304 1426 vus
339 1367 430 1422 raro
473 1334 718 1434 admodum,
755 1333 907 1441 saepius
935 1329 1174 1428 vocativus,

228 1505 369 1563 omnes
396 1478 515 1587 plane
545 1471 718 1560 Graeci.
761 1471 1066 1584 Adjectivorum
1095 1473 1176 1580 pri-

228 1648 319 1704 mus
342 1637 473 1709 'casus
515 1615 751 1727 plerumque
801 1611 979 1697 neutrius
1018 1607 1175 1720 generis

229 1785 443 1871 usurpatur
469 1759 611 1870 quovis
639 1780 808 1869 genere,
837 1773 1029 1862 numero,
1058 1770 1176 1828 casu.

230 1895 461 1983 Masculina
487 1897 745 2007 quorundam
773 1915 846 1974 aut
875 1887 1067 1974 feminina
1095 1879 1177 1968 for-

231 2066 302 2120 ma
350 2037 551 2132 occurrit,
601 2032 670 2116 sed
713 2054 886 2139 utraque
934 2053 1034 2136 pura
1079 2046 1178 2132 puta

233 2172 417 2260 Graeca.
458 2170 687 2256 Verborum
716 2165 936 2250 infinitivus
964 2162 1179 2246 assumitur

232 2342 444 2428 tamquam
470 2338 621 2398 nomen
641 2309 829 2406 actionis,
858 2304 925 2389 cui
948 2298 1179 2414 praefigitur

234 2456 405 2542 verbum
433 2449 526 2575 ips,
555 2483 615 2570 ep
648 2445 800 2563 secere,
826 2439 944 2553 fieri,
981 2460 1104 2551 atque
1131 2458 1180 2522 ut

234 2625 262 2680 a
291 2591 413 2719 χρεία
449 2592 496 2677 fit
524 2583 722 2712 ερχριὲ
765 2615 859 2701 opus
885 2612 964 2666 esse
1000 2573 1100 2697 (fiir
1123 2576 1180 2665 bi-

233 2731 386 2851 sogno)
415 2736 468 2830 ab
495 2729 609 2842 ἐλπὶς
639 2737 878 2852 epgeluuc
907 2749 1080 2840 sperare3
1121 2723 1198 2804 ita.

234 2901 262 2956 a
304 2865 469 2964 πλάζειι
509 2869 556 2954 fit
599 2879 836 2990 ερπλαζιπ
859 2924 871 2963 ,
891 2985 895 2992 1
912 2893 938 2946 a
981 2855 1180 2982 πειράζειν
1315 2939 1333 2958 s

237 3045 516 3134 epmpagut,
554 3038 579 3092 a
617 2999 872 3130 παραβαίνειν
910 3009 1182 3120 epnapalle-

237 3184 345 3250 mu,
374 3152 427 3238 ab
456 3149 632 3262 ἀπαιτᾷι
662 3141 987 3268 spinas-tan,
1016 3165 1042 3220 a
1070 3139 1182 3255 τιμᾷι

237 3322 492 3411 spumati,
519 3286 572 3380 ab
600 3282 722 3377 ἀιτεῖι
752 3275 957 3403 speum,
983 3302 1010 3356 a
1038 3273 1182 3398 φορεῖν
1251 3371 1254 3379 ,

238 3457 471 3551 ερροριπ,
500 3455 526 3508 a
550 3422 759 3541 ustulatis
788 3443 1130 3540 epneuanout,
1158 3438 1185 3493 a

235 3566 460 3688 μαστιρίιειι
483 3591 878 3685 epnac‘rmuotn,
899 3578 1021 3665 atque
1042 3552 1184 3636 itidem

237 3740 263 3796 a
289 3706 613 3832 προσεύχεσθαι,
634 3694 973 3793 naissitanum
1003 3719 1185 3811 epnpo-

213 3841 216 3845 ’
238 3849 999 3965 εεαχεαθε,ερακαιιλαλιζεαθε
1016 3855 1092 3918 etc.
1106 3852 1185 3914 etc.
