3022 4724
354 721 357 730 ‚
485 663 537 758 T.
602 661 661 755 V.
729 667 789 760 A.
855 669 907 762 C.
959 731 962 738 ·

340 827 583 972 ‘tuctom
637 831 940 955 Pm'totoco
990 884 1028 960 s,

576 1035 819 1071 Μ

225 1135 438 1398 Literas
490 1264 751 1364 Orientales=
777 1275 962 1399 jacentes
1014 1283 1161 1376 misere

227 1423 286 1512 in·
303 1422 506 1550 plerique
537 1421 661 1518 Italizt
693 1425 779 1522 duo
812 1462 925 1522 nunc
961 1427 1163 1559 Subalpi-

227 1581 274 1668 ni
314 1581 360 1669 in
405 1583 548 1706 primis
581 1585 769 1674 excitant
781 1624 799 1692 ς
833 1615 1016 1710 quorum
1058 1585 1162 1680 alter

201 1699 418 1823 'doctrini
459 1763 502 1826 et
533 1733 764 1828 lautissimi
795 1736 1001 1829 librorum
1041 1753 1163 1829 vet'e-

222 1865 314 1978 ium
346 1889 610 2015 supellectile
642 1895 682 1952 ‘¹'
713 1891 761 1982 id
792 1917 855 1986 cst
887 1891 1162 2006 consecutus,

222 2069 270 2134 ut
303 2067 416 2134 aetas
447 2043 551 2134 haec
584 2074 749 2153 nostra,
764 2026 976 2178 ‚cum-'tot
1006 2021 1162 2138 habeat

222 2196 521 2312 Aristarchus,
568 2198 624 2291 ab
668 2232 721 2291 eo
771 2229 858 2290 uno
912 2200 1159 2292 varietatem

220 2353 416 2448 lectionis
465 2351 702 2449 Hebraicae
748 2349 995 2445 Verborum
1040 2351 1184 2478 Dei,

186 2562 189 2572 ·
221 2512 524 2638 veritatemque
564 2537 761 2636 expectet
802 2512 961 2634 optime
1001 2511 1159 2600 consti·
1240 2523 1243 2530 '

129 2723 132 2728 ·
220 2689 354 2788 tutam
375 2663 402 2776 3⁵
432 2667 539 2758 alter
584 2665 804 2792 exculptie
846 2664 1157 2790 elegantissime

218 2814 456 2946 linguarum
481 2815 570 2911 fere
597 2822 783 2912 omnium
814 2813 1155 2928 characteribus,

277 3141 328 3226 (1)
348 3138 514 3214 Mirificam
544 3165 670 3231 prorsus
688 3152 810 3234 copiam
837 3147 903 3228 ejus
931 3151 1156 3232 manuscripto·

215 3264 283 3309 tum
311 3261 346 3313 et
377 3247 549 3316 editionum
576 3259 735 3340 quantivis
766 3262 882 3342 pretii,
914 3257 954 3322 ad
982 3259 1158 3324 Hebraicae

214 3357 412 3433 praesertim,
430 3373 591 3443 sacrasque
607 3357 713 3424 literas
726 3359 971 3448 pertinentium,
991 3379 1054 3430 tres
1069 3384 1153 3430 nunc

215 3461 290 3519 anni
309 3473 382 3522 suot
400 3479 471 3525 cum
491 3467 556 3550 ipse
576 3466 675 3531 oculis
694 3474 859 3556 usurpavi:
880 3487 913 3534 et
934 3471 993 3534 hoc
1014 3477 1152 3538 triennio
1174 3521 1180 3532 .
1239 3509 1242 3515 ·

212 3561 379 3646 plurimum
398 3584 519 3634 auctam
538 3575 617 3636 scio.
639 3573 727 3659 Quae
747 3590 856 3642 autem
875 3594 957 3640 nunc
979 3589 1013 3638 et
1035 3589 1152 3661 quanta

212 3669 274 3746 sic,
300 3667 429 3734 docebit
459 3678 525 3761 ipae
551 3678 694 3748 dominus
723 3681 849 3750 edendo
875 3681 1057 3770 propediem
1094 3705 1150 3749 suo

214 3771 362 3852 Appemtu
382 3779 648 3854 Hebraeo-biblico.
1113 3816 1115 3820 ·

991 3951 993 3958 ’
1020 3954 1037 3996 a
