3022 4724
254 427 256 432 ,
334 364 361 430 2

313 483 511 624 ⁴quorum
543 495 770 622 specimina
803 493 945 587 edidit·
969 493 1181 588 luculenta
1206 499 1266 609 (¹),

334 688 424 747 non
470 651 598 742 modo
640 676 850 778 praestat,
892 675 942 740 ut
978 653 1151 776 possis,
1191 651 1268 744 sed

330 811 500 923 allicit,
542 837 589 900 ut
639 810 786 933 cupias
838 805 1007 934 aliquid
1057 809 1267 938 exoticum

329 961 506 1089 vulgare
547 955 693 1052 formis
736 957 844 1052 adeo
877 960 1024 1051 nitidis
1041 995 1269 1080 ¹commen-

332 1117 498 1210 datum.
533 1112 618 1208 His
645 1118 789 1240 itaque
820 1113 986 1207 duobus
1007 1118 1132 1227 viris,
1160 1152 1268 1245 quos

331 1268 505 1362 Parmae
545 1265 663 1361 bono
694 1267 908 1360 literarum
948 1267 1121 1362 fortuna
1166 1305 1269 1365 con-

331 1425 493 1548 junxit,
546 1418 616 1517 Jo:
662 1421 883 1518 Bernardo
927 1424 1186 1551 De-Rossi,
1228 1453 1271 1520 et

333 1574 361 1673 J
364 1613 406 1668 o:
440 1575 565 1702 Bapt.
598 1575 801 1671 Bodonio
832 1578 992 1693 debes,
1023 1583 1155 1672 amice
1187 1577 1272 1672 Le·

334 1759 452 1845 ctor,
475 1731 690 1860 quidquid
723 1732 807 1825 hoc
838 1729 1007 1858 opellae
1038 1759 1122 1840 est,
1145 1765 1274 1860 quarn

335 1891 517 2014 scripsi,
550 1913 597 1980 ut
630 1921 724 1979 cum
758 1885 1020 2013 Alplzubetis
1052 1884 1277 1978 excudere·

336 2068 431 2150 tur,
455 2075 565 2168 quae
598 2076 752 2169 magno
786 2075 962 2135 numero
990 2044 1108 2170 typis
1129 2039 1277 2133 Bodo-

338 2195 476 2284 nianis
496 2194 684 2286 editurus
715 2221 804 2287 erat
833 2194 889 2287 cl.
910 2192 1164 2308 De·Rossi‚
1196 2196 1277 2287 nisi
1353 2271 1357 2278 .

292 2425 294 2430 .
340 2342 471 2472 longe
489 2345 860 2471 praestantioribus
882 2374 1080 2441 avocatus
1094 2349 1275 2473 inceptis

339 2537 456 2596 curas
488 2504 563 2596 ille
595 2539 741 2596 omnes
784 2529 827 2597 et
861 2483 1029 2633 vigilias
1069 2504 1277 2598 contulis-

340 2686 402 2751 set
435 2658 489 2751 ad
522 2661 655 2751 varias
687 2657 892 2752 lectiones
925 2654 1097 2752 Veteris
1130 2656 1278 2750 Testa-

400 2937 451 3020 (ι)
471 2937 553 3003 Vide
574 2943 630 3004 Pei
648 2944 763 3003 solenne
783 2943 944 3002 Battesinro
964 2942 994 3001 di
1014 2939 1046 2998 S.
1067 2935 1108 2996 Α.
1126 2941 1165 2998 R.
1186 2940 1281 2998 Ludo·

342 3051 404 3111 vico
435 3051 564 3127 Principe
592 3051 783 3127 Primogenito
812 3050 842 3109 di
862 3049 986 3114 Parma,
1018 3060 1115 3106 tentato
1142 3044 1176 3103 ol
1201 3061 1279 3104 sarto

343 3157 437 3217 Fonte
457 3161 495 3219 da
514 3160 544 3216 S.
565 3159 613 3216 Μ.
636 3158 851 3219 cristianissima
871 3175 887 3217 e
906 3155 988 3216 dalla
1007 3153 1085 3237 Rea!
1105 3153 1281 3228 Principessa

246 3269 247 3274 ’
344 3261 423 3323 delle
441 3262 576 3330 Asterie,
597 3264 739 3340 iscrizioni
759 3263 877 3324 esotiche
895 3283 916 3322 a
936 3262 1068 3321 caratteri
1089 3259 1283 3343 novellarnen-

345 3389 373 3431 te
400 3372 480 3430 incisi
504 3392 535 3430 e·
549 3372 625 3448 susi·
657 3373 762 3432 Parma
783 3395 880 3456 1724·
938 3369 1133 3446 epithalamia
1152 3365 1282 3426 Exoticis

346 3478 463 3556 Linguis
481 3481 609 3540 reddita·
641 3480 761 3540 Pannae
782 3501 880 3554 17753
910 3489 944 3540 et
975 3478 1118 3556 Specimen
1150 3477 1280 3536 ineditae

345 3601 375 3646 et
394 3587 553 3664 hexaplaris
581 3589 737 3674 Bibliorum
757 3594 888 3653 versionis
914 3589 1197 3672 Sym-'estranghelae
1223 3607 1284 3647 cum

345 3687 567 3771 simpliciterque
587 3696 734 3771 utriusque.
739 3696 869 3772 fontibus
892 3697 1000 3780 Graeco
1020 3711 1049 3757 et
1070 3697 1203 3755 Hebraeo
1222 3690 1285 3750 col-

346 3801 427 3862 latae
447 3821 507 3860 cunt
527 3800 793 3878 duplicitatem.
814 3823 847 3862 ac
867 3804 961 3863 notis·
982 3799 1106 3861 Parmae
1127 3810 1204 3864 1⁷⁷8
1217 3834 1233 3863 ·.
