3022 4724
285 367 339 470 46

285 505 376 588 bico
404 533 496 587 ναν.
525 497 573 584 Id
601 497 850 581 elementum
878 494 1069 602 scripturn
1097 519 1121 572 a
1149 485 1226 574 Co·
1283 593 1285 599 Α

285 643 362 752 ptis
398 665 456 724 est
493 641 607 722 initio
644 637 824 746 syllabae
862 668 946 751 oo,
984 657 1035 747 ut
1057 659 1172 740 saepe
1200 659 1227 714 a
1266 719 1270 724 ‚

287 775 453 863 Graecis
490 805 713 876 consonans
741 808 766 861 ν
795 775 987 860 latinum.
1023 760 1227 882 Scriptum

287 917 386 1000 item
416 949 508 1016 oo,
538 944 633 999 curn
662 915 788 1026 quieti
817 915 959 999 datum
989 911 1008 1031 (
1018 938 1063 998 ut
1085 909 1227 995 Gram-

287 1059 424 1142 matici
454 1055 733 1142 Hebraeorum
762 1049 1013 1169 loquuntur)
1043 1051 1089 1136 fit
1110 1083 1134 1134 u
1155 1081 1230 1164 vo·-

287 1195 394 1280 cale.
435 1192 518 1280 Ubi
554 1219 691 1280 autern
734 1213 923 1314 'movetur
965 1196 1006 1276 in
1036 1227 1124 1293 ao,
1166 1225 1227 1282 eo

288 1337 438 1454 legitur
465 1339 517 1421 ab
546 1339 635 1446 ipsis
663 1332 802 1445 Coptis
842 1315 896 1450 ji
938 1365 1014 1433 αν,
1056 1365 1127 1432 εν,
1155 1327 1228 1445 es.

290 1472 406 1558 Nihil
435 1477 557 1589 igitur
593 1502 723 1583 neque
754 1475 795 1557 in
825 1475 1058 1574 vocalibus,
1099 1499 1229 1582 neque

289 1615 332 1696 in
362 1611 623 1727 diphthongis
653 1640 678 1693 a
705 1608 862 1694 Graeci
900 1612 1230 1719 pronunciatione

289 1751 580 1850 recedendum,
617 1751 696 1832 ‘nisi
724 1733 1032 1859 quatenus-ar,
1075 1784 1144 1850 ει,
1179 1783 1230 1840 01

290 1887 445 1975 Saidice
473 1913 634 1974 tanturn
664 1913 755 1974 sunt
785 1887 1029 2005 diphthongi
1068 1920 1140 1987 ot,
1170 1919 1232 1988 ει,

292 2062 366 2129 οι,
408 2033 604 2149 legendae
652 2035 774 2116 unico
814 2013 913 2114 sono
947 2063 997 2132 -e,
1026 2040 1067 2132 i,
1096 2036 1136 2114 ἰ.
1185 2029 1233 2114 ln

232 2221 235 2226 -
292 2165 567 2279 Memphiticis
597 2171 879 2286 disjunguntur
907 2199 1080 2280 semper,
1102 2194 1148 2254 ut
1170 2168 1233 2270 αἱ,

293 2309 331 2400 εἴ
344 2371 355 2408 ,
401 2311 445 2400 οἵ
461 2370 472 2393 .
516 2309 644 2415 Quod
686 2335 825 2410 autern
865 2319 947 2424 jam
984 2313 1234 2397 subindicavi

190 2559 194 2570 ⁵
294 2483 360 2541 or
389 2475 483 2534 ante
511 2451 695 2536 vocalem
723 2478 838 2559 saepe
867 2452 1088 2564 legendum
1115 2483 1161 2550 ν,
1189 2471 1236 2533 ut

209 2617 211 2622 ’
288 2586 329 2672 'tv
368 2584 686 2688 Germanicum,
716 2589 758 2673 id
786 2591 938 2702 conjeci
967 2589 1155 2698 equidem
1184 2616 1235 2670 err

270 2724 484 2841 ‘analogid
511 2727 674 2842 linguae
706 2726 866 2828 intimi,
897 2728 965 2812 sed
993 2728 1085 2812 ideo
1113 2731 1237 2812 etiam

294 2869 445 2977 probo,
484 2892 530 2952 ut
558 2872 720 2954 suavior
748 2871 897 2955 evadat
929 2872 1234 2980 pronunciatio.

294 3007 436 3120 Itaque
466 3043 602 3127 ouog
630 2998 819 3130 (adlego
839 3016 940 3114 vole,
962 3005 1135 3104 ordrinr
1157 3021 1239 3096 voi-

194 3211 195 3214 t
295 3158 354 3248 ni,
385 3174 426 3233 et
454 3146 549 3236 cunr
574 3153 747 3237 articulo
768 3153 977 3240 indefinito
999 3142 1236 3246 orontiirrr
1347 3191 1350 3196 ’

297 3302 426 3378 ννοὶηἰ
454 3290 582 3412 (lux)
612 3318 712 3396 etc..
741 3294 874 3406 Atque
904 3293 1005 3378 haec
1035 3297 1086 3381 de
1116 3324 1239 3379 voca·
1345 3293 1349 3302 “

297 3437 422 3522 libus.
450 3436 513 3522 Ad
543 3467 742 3522 consonas
766 3435 1067 3552 aggrediamur.
1139 3468 1154 3528 l

381 3587 415 3668 h
453 3577 672 3693 legendum
715 3577 855 3658 monui
899 3574 1014 3656 initio
1055 3593 1096 3654 et
1136 3571 1241 3652 inter

298 3703 459 3808 vocales
498 3754 550 3818 ν,
593 3733 788 3810 haemo
819 3721 968 3830 voimpi
1011 3708 1031 3828 (
1060 3693 1204 3826 capello
1224 3733 1256 3802 ν’

300 3851 472 3974 hoedus)
503 3853 657 3948 disrari<
677 3861 803 3940 eviailc
819 3850 838 3970 (
848 3861 947 3939 servi
955 3909 969 3948 ,
982 3841 1155 3966 famuli)
1167 3871 1242 3930 etc.
